2654 5226
628 626 785 683 ,36-

149 812 292 873 scholam
315 815 459 886 haberet,
484 821 616 890 propter
640 817 805 874 auditores
829 815 996 889 quosdam,
1022 814 1048 873 si
1073 814 1129 888 qui
1145 817 1268 883 essent,

149 923 205 995 qui
227 923 334 981 minus
357 924 584 999 intellegerent
606 924 728 982 nudam
752 924 987 996 definitionem3
1012 922 1155 982 servavit
1171 920 1270 979 nobis

149 1046 233 1089 unus
257 1047 300 1087 cx
323 1030 560 1089 auditoribus*.

256 1137 345 1212 Quae
369 1154 442 1195 cum
466 1139 512 1195 ita
535 1138 608 1207 sint,
633 1139 746 1213 procul
770 1138 869 1196 dubio
893 1138 976 1195 liber
999 1136 1047 1194 ΙΠ
1069 1153 1134 1195 ιιαιι
1149 1136 1269 1194 ultimo

147 1245 219 1302 loco
254 1245 458 1302 adhibendus
494 1245 555 1302 erit
582 1244 616 1301 in
639 1246 893 1303 reconstruendo
917 1243 1132 1318 Theophrasti
1155 1258 1268 1317 opere,

150 1351 227 1409 dum
261 1368 302 1409 nc
338 1351 559 1426 superstitiose
595 1351 664 1409 eius
699 1351 847 1409 ordinem
874 1366 1058 1424 sequamur.
1104 1355 1140 1408 ut
1164 1349 1269 1408 Theo·

149 1459 300 1532 phrastus
323 1459 427 1532 primo
451 1459 535 1516 libro
560 1459 627 1534 egit
651 1459 691 1516 de
707 1459 757 1528 iis,
783 1475 866 1531 quae
883 1458 1050 1516 clementis
1067 1457 1268 1527 acciderent,

149 1565 196 1622 sie
219 1565 410 1623 Aristotcles
433 1565 546 1639 primis
562 1564 607 1624 IV
631 1566 792 1639 capitibus
817 1565 857 1623 de
881 1565 930 1623 his
955 1565 1031 1623 solis
1054 1565 1157 1622 verba
1174 1564 1268 1622 facit.

149 1672 260 1729 verbis
284 1665 302 1728 ὁ
326 1667 383 1745 μὲν
412 1664 471 1729 οὖν
495 1666 593 1742 λόγοι
617 1665 792 1730 ευντίθεται
816 1666 851 1729 ἐκ
873 1665 1009 1729 τούτων·
1045 1664 1107 1728 ἔιτι
1131 1669 1159 1728 δ’
1184 1663 1269 1743 ἀρχὴ

148 1777 203 1850 τῆ(
228 1773 342 1839 λέξειν(
365 1774 402 1836 τὸ
427 1773 600 1851 ἑλληνίζειν
623 1773 720 1855 (1407
735 1796 755 1836 a
773 1773 825 1853 19)
849 1780 965 1837 transit
981 1779 1024 1836 ad
1043 1779 1179 1836 alteram
1195 1794 1270 1852 par-

149 1891 229 1943 tem:
255 1868 295 1944 de
319 1888 463 1944 oratione
488 1887 651 1945 continua.
1215 1856 1224 1872 ’

258 1992 347 2068 Quae
380 1994 489 2051 adhuc
522 1994 671 2064 disserui,
710 1995 753 2050 ad
781 1999 1008 2069 argumentum
1031 1992 1271 2066 Theophrastei

151 2100 258 2175 operis
282 2100 544 2159 adumbrandum
567 2100 676 2158 facere
699 2101 778 2158 mihi
801 2101 1014 2180 videbantur3
1049 2115 1155 2172 neque
1179 2099 1272 2157 enim

151 2207 230 2263 mihi
253 2223 485 2281 proposueram
508 2208 569 2264 hoc
592 2208 663 2265 loco
687 2208 850 2283 colligere,
876 2223 1137 2280 quaecumque
1161 2223 1204 2264 ex
1230 2222 1269 2264 eo

150 2313 284 2371 fluxisse
307 2314 508 2372 viderentur.
532 2345 576 2352 —
599 2314 712 2371 addidi
736 2314 999 2386 quaestiunculas
1024 2314 1105 2371 duas
1121 2312 1163 2370 ad
1179 2313 1271 2370 idem

39 2489 42 2495 ,
151 2435 232 2494 opus
256 2425 450 2494 spectantes,
475 2421 721 2497 grammaticam
738 2422 884 2490 alteram,
908 2422 1044 2479 alteram
1061 2421 1270 2479 rhetoricam.

466 2751 517 2816 De
542 2751 728 2818 elementis
754 2751 945 2817 orationis.

255 2954 385 3014 Certum
402 2956 635 3014 elementorum
652 2956 808 3013 orationis
824 2972 994 3015 numerum
1011 2973 1031 3013 a
1043 2954 1269 3030 Theophrasto

148 3063 359 3120 constitutum
394 3079 459 3120 non
495 3063 642 3120 indicant
666 3062 824 3137 Simplicii
859 3064 962 3120 verba
996 3056 1134 3135 πότερον
1164 3053 1270 3135 ὄνομα

148 3163 199 3225 καὶ
226 3162 309 3242 ῥῆμα
336 3165 394 3226 τοῦ
425 3163 524 3239 λόγου
548 3166 687 3241 (τοιχεῑα
710 3164 730 3241 ἢ
754 3164 804 3226 καὶ
829 3161 931 3241 ἄρθρα
954 3164 1005 3226 καὶ
1029 3162 1192 3241 ιύνδειμοι
1216 3165 1269 3227 καὶ

149 3268 231 3334 ἄλλα
254 3269 337 3333 τινά·
385 3269 498 3335 λέξεαι(
533 3270 568 3333 δὲ
600 3271 651 3332 καὶ
673 3272 774 3333 ταῦτα
798 3270 884 3348 μέρη,
908 3270 1007 3346 λόγου
1031 3270 1066 3333 δὲ
1090 3268 1194 3348 ὄνομα
1217 3271 1269 3334 καὶ

148 3375 240 3455 ῥῆμα.
275 3388 402 3441 tantum
426 3399 468 3440 ex
492 3383 533 3439 iis
557 3382 723 3458 colligitur
748 3383 788 3440 dc
811 3382 961 3457 pluribus
985 3383 1040 3458 agi
1064 3399 1162 3456 quam
1178 3387 1270 3456 quat·

148 3495 240 3564 tuor3
276 3490 441 3564 postulant
475 3488 634 3563 Simplicii
669 3490 773 3548 verba
795 3484 857 3564 (καὶ
887 3481 970 3547 ἄλλα
992 3482 1075 3564 τινά)
1097 3490 1269 3548 minimum

256 3767 418 3821 *Omnino
449 3766 632 3821 omittendus
660 3767 732 3819 mihi
760 3766 923 3820 videbatur
951 3766 1036 3820 locus
1065 3781 1155 3836 quem
1180 3767 1270 3821 affert

148 3855 327 3927 Anonymus
340 3856 354 3908 I
365 3856 419 3910 439
433 3854 473 3925 Sp
493 3856 549 3919 (uti
568 3856 640 3908 mihi
657 3855 768 3908 licebat
786 3856 919 3909 editione
937 3853 1159 3923 Grueveniana‚
1188 3871 1269 3924 quae

150 3948 236 4000 brevi
254 3947 285 3999 in
304 3947 402 3999 lucem
421 3946 554 4014 prodibit
573 3961 595 3999 s.
615 3950 634 3998 t.
654 3944 799 3999 “Cornuti
817 3946 892 3998 artis
910 3945 985 3999 rhet.
1005 3946 1178 4015 epitomc''):
1205 3949 1270 4013 περὶ

150 4037 245 4101 μέντοι
263 4034 410 4101 (νντομίαε
422 4034 615 4101 Ἀριετοτέλη(
628 4034 775 4100 ἐφίετηειν.
807 4033 832 4087 εἰ
843 4034 896 4100 γάρ
910 4035 974 4102 terr,
994 4034 1085 4103 φηιλν,
1104 4036 1122 4101 ἡ
1137 4035 1270 4102 (υντομία

149 4124 299 4192 ευμμετρλα
326 4129 377 4191 τῆ(
402 4124 471 4190 μήτε
499 4125 722 4191 παραλειπούεηι
745 4141 772 4176 τι
790 4127 851 4176 τῶν
873 4123 1034 4188 ἀναγκαίων
1057 4125 1128 4190 μήτε
1151 4127 1269 4178 πλεονα-

147 4216 254 4281 Ζούεηι,
283 4215 368 4280 ἀρετὴ
388 4213 541 4279 γενὴιεται.
580 4213 604 4266 εἰ
623 4213 646 4266 δ’
667 4213 739 4265 ἑετίν
759 4213 851 4279 ὥςπερ
870 4213 962 4265 ἔνδεια
980 4217 1031 4279 τῆ(
1050 4213 1270 4280 ὑπερβαινούεηε

147 4321 174 4358 τι
201 4308 261 4357 τῶν
286 4302 435 4370 χρηιίμων,
464 4303 494 4354 ἐν
521 4307 582 4354 ταῖς
611 4301 718 4354 κακίαι(
747 4304 853 4366 μᾶλλον
877 4301 1051 4368 ταχθήιεται.
1089 4300 1270 4372 Spengelius

149 4393 255 4463 (praef.
275 4409 303 4462 p.
323 4390 433 4455 XXIX)
453 4391 493 4443 ad
513 4396 567 4443 art.
587 4391 631 4443 rh.
650 4390 694 4443 ΠΙ
713 4390 747 4443 16
770 4391 871 4457 refert,
899 4391 953 4444 ubi
976 4391 1055 4444 idem
1084 4393 1270 4461 praecipitur

149 4483 251 4537 verbis
270 4496 394 4552 prorsus
414 4480 486 4534 aliis.
516 4486 643 4549 apparet
662 4484 763 4534 autem
783 4481 832 4533 vel
851 4495 890 4533 ex
908 4495 1046 4534 sermone
1059 4480 1109 4534 illo
1122 4481 1189 4535 loco
1203 4482 1271 4550 ipsa

148 4573 244 4627 verba
262 4570 432 4626 Aristotelis
451 4586 512 4624 non
532 4570 647 4624 referri.
