2594 5174
569 301 725 360 ..30..

90 490 186 550 tionis
210 491 288 549 talia
312 506 382 549 csse
406 491 561 550 discimus
585 508 660 550 cum
688 509 731 550 cx
758 491 860 566 ipsius
884 489 1048 551 Ciceronis
1072 489 1208 566 disposi-

90 599 186 669 tione,
211 605 280 657 tum
304 616 346 656 ex
370 599 439 657 cius
463 600 572 656 verbis
598 600 638 657 dc
662 615 708 657 or.
732 593 833 668 1179,
858 600 915 657 ubi
939 605 1076 672 utraque
1102 600 1209 674 dispo·
1234 570 1244 679 i

89 707 162 764 sitio
179 707 309 781 legitur,
334 707 423 780 prior
439 707 493 776 ita,
518 712 555 764 ut
571 707 690 764 iustam
707 723 778 763 eam
795 723 865 764 esse
883 707 1019 763 eluceat.
1056 707 1208 780 quisnam
1238 698 1244 751 l

1 850 3 855 -
89 814 166 870 milti
189 814 254 870 iam
278 819 418 887 opponet
442 814 589 882 alterum,
615 814 702 886 quod
726 829 786 888 ego
811 814 943 886 quidem
967 814 1108 882 videam,
1138 814 1208 871 uni-
1231 818 1244 891 ji

89 936 163 978 cum
198 925 440 995 argumentum:
476 919 600 979 Stoicos
635 925 717 978 testo
750 920 878 978 Laertio
901 920 964 978 VH
986 913 1030 976 43
1066 921 1207 977 eundern

89 1028 239 1085 statuisse
264 1027 421 1095 ordinem,
457 1028 513 1100 qui
537 1027 578 1084 sit
605 1027 638 1083 in
664 1027 846 1084 Aristotelis
877 1027 917 1083 do
946 1032 1015 1084 arte
1044 1018 1244 1101 rhetorica-⁹

88 1135 196 1192 libris:
228 1127 308 1192 εἶναι
332 1130 367 1191 δὲ
388 1132 459 1205 <nic
483 1128 666 1207 ῥητορικῆε)
690 1129 748 1205 τὴν
773 1128 922 1206 διαίρεειν
947 1127 991 1190 εἴ(
1015 1148 1048 1191 τε
1072 1129 1131 1206 τὴν
1156 1127 1207 1190 εὕ-
1241 1114 1244 1171 ῗ

89 1255 173 1315 ρεειν
196 1237 247 1299 καῖ
271 1236 313 1300 εἰ(
337 1236 395 1313 τὴν
419 1235 535 1315 φράειν
563 1236 614 1299 καὶ
638 1235 680 1298 εἰε
704 1236 763 1312 τὴν
786 1234 874 1300 τάξιν
903 1235 953 1298 καὶ
977 1234 1019 1298 εἰ(
1043 1236 1102 1313 τὴν
1127 1234 1206 1298 ὑπό-

88 1347 216 1421 κριεινῗ)

195 1455 308 1529 Itaque
333 1472 407 1514 oum
431 1456 509 1513 mihi
534 1461 658 1513 certum
683 1456 724 1512 sit
746 1456 893 1513 ordinem
914 1455 1012 1512 trium
1028 1456 1207 1513 rhetorices

88 1564 230 1637 partium
254 1564 383 1636 qualem
407 1579 465 1620 nos
489 1563 646 1620 habemus
664 1578 729 1619 non
746 1579 816 1619 esse
830 1562 1069 1650 Aristotelem,
1095 1562 1207 1620 viden·

89 1670 166 1728 (lum
191 1675 248 1739 est,
274 1670 353 1743 quid
377 1670 417 1727 de
441 1670 517 1727 lilori
533 1669 581 1727 ΙΠ
597 1670 688 1726 initio
705 1669 875 1726 faciamus.
912 1669 954 1725 ad
970 1670 1073 1726 verba
1091 1663 1207 1726 1403u

91 1771 131 1833 10
155 1769 229 1834 “rui
258 1771 310 1833 διά
338 1771 367 1834 τί
395 1773 533 1834 τοεαῡτα
563 1768 667 1848 μόνα”
692 1781 826 1833 annotat
855 1774 1061 1851 Spengelius:
1098 1768 1207 1834 “hanc

89 1899 221 1941 causam
250 1878 431 1958 supra12
461 1884 583 1941 frustra
613 1899 763 1956 quaeres3
800 1883 984 1939 necessario
1020 1883 1107 1940 enim
1140 1874 1219 1941 non'

88 1991 183 2064 plura
207 2007 277 2048 esso
301 2007 365 2048 non
391 1991 509 2060 docuit,
546 1989 820 2063 quemadmodum
843 2005 875 2046 ν.
901 2005 929 2046 c.
954 2006 996 2046 ex
1023 1994 1207 2064 temporum

87 2091 267 2155 rationibus
300 2099 363 2156 tria
395 2103 521 2155 tantum
554 2114 676 2174 genera
711 2113 781 2155 csse
813 2088 1081 2154 dernonstravit'’.
1128 2112 1207 2154 num
1233 2076 1240 2093 ⁸

87 2204 148 2262 hoc
165 2205 363 2262 commisisse
380 2206 545 2279 putandus
562 2210 610 2263 est
623 2202 837 2262 Aristoteles?
849 2233 893 2242 —
911 2203 1039 2261 accedit
1056 2204 1206 2262 alterum.

90 2305 208 2368 1403o
225 2306 260 2369 6:
297 2306 404 2384 ἐπειδὴ
429 2307 500 2384 τρία
524 2306 606 2370 έετὶν
629 2305 649 2369 ἃ
674 2309 722 2368 δεῖ
745 2309 1024 2383 πραγματευθῆναι
1052 2305 1124 2381 περὶ
1147 2305 1207 2368 τὸν

88 2412 195 2488 λόγον,
217 2415 254 2476 ἓν
278 2414 334 2492 μὲν
358 2413 392 2477 ἐκ
415 2413 568 2477 τίνων-αἱ
591 2413 706 2478 πίετειε
730 2412 863 2488 έεονται,
897 2411 1048 2490 δεύτερον
1072 2412 1107 2474 δὲ
1133 2413 1206 2490 περὶ

86 2521 145 2596 τὴν
168 2520 259 2596 λέξιν,
283 2521 391 2599 τρίτον
415 2522 450 2584 δὲ
473 2524 541 2584 ταῖν(
565 2522 624 2599 χρὴ
648 2519 738 2586 τάξαι
762 2519 801 2582 τά
824 2520 901 2598 μέρη
926 2518 1108 2594 τοῦλόγου,
1133 2520 1207 2596 περὶ

87 2627 143 2704 μὲν
167 2630 232 2691 τῶν
256 2627 391 2692 πίετεαιν
415 2627 535 2706 εἴρηται
558 2631 621 2690 κτλ.
667 2626 759 2690 bib:
784 2627 823 2689 oti
847 2626 907 2705 γὰρ
924 2625 1049 2704 ἀπόχρη
1066 2625 1104 2688 τὸ
1121 2624 1207 2702 ἔχειν

87 2733 107 2796 ἃ
132 2737 180 2798 δεῖ
203 2735 307 2811 λέγειν
399 2736 436 2798 τὸ
461 2735 518 2812 μὲν
541 2733 601 2797 οὖν
616 2736 746 2812 πρῶτον
763 2733 897 2811 έζητήθη
915 2732 994 2796 κατὰ
1010 2731 1106 2811 φύειν
1123 2731 1205 2810 ὅπερ

86 2841 209 2921 πέφυκε
232 2845 370 2921 πρῶτον,
395 2841 476 2905 αὐτὰ
498 2841 538 2905 τά
561 2840 731 2920 πράγματα
754 2841 789 2904 ἐκ
811 2841 908 2904 τίνων
925 2840 988 2918 ἔχει
1004 2841 1042 2903 τὸ
1058 2839 1205 2915 πιθανόν,

87 2947 238 3028 δεύτερον
262 2949 297 3012 δὲ
320 2949 357 3012 τὸ
381 2952 481 3012 ταῦτα
504 2954 541 3032 τῇ
566 2949 646 3014 λέξει
671 2948 838 3023 διαθέεθαι,
872 2947 980 3026 τρίτον
1009 2947 1044 3009 δὲ
1071 2945 1205 3022 τούτων,

87 3055 106 3118 ὃ
130 3055 265 3134 δύναμιν
289 3057 345 3134 μὲν
369 3056 432 3135 ἔχει
457 3056 611 3134 μεγίετην,
635 3053 726 3118 οὔπω
751 3053 778 3118 δ’
804 3054 1041 3132 ἐπικεχείρηται,
1070 3053 1109 3116 τὰ
1132 3055 1205 3132 περὶ

85 3163 144 3241 τὴν
163 3163 334 3242 ὑπόκριειν.
380 3170 469 3227 nullo
494 3168 598 3242 spatio
622 3167 812 3241 interposito
837 3167 957 3224 similia
979 3165 1030 3223 bis
1054 3166 1203 3241 legimus,

87 3277 145 3334 sed
168 3277 304 3335 interest
325 3276 465 3349 aliquid:
488 3276 596 3350 priore
620 3276 780 3333 locotres
804 3279 913 3348 partes
934 3274 1115 3332 nominavit
1131 3289 1206 3331 auc·

86 3388 137 3441 tor
160 3378 284 3453 πίετειε,
308 3378 400 3453 λέξιν,
423 3375 519 3452 τάξιν,
555 3383 732 3457 posteriorc
756 3388 822 3439 tres
845 3375 970 3450 πίετειε,
1000 3375 1092 3450 λέξιν,
1125 3373 1205 3437 ὑπό-

86 3505 191 3563 κριειν.
237 3491 350 3564 nequit
382 3495 555 3563 utrumque
579 3489 808 3546 Aristotelcum
840 3504 920 3557 csse,
957 3488 1101 3563 genuina
1134 3488 1204 3545 eius

86 3599 189 3655 verba
212 3598 325 3672 procul
350 3597 449 3655 dubio
473 3597 651 3671 posteriore
675 3596 745 3653 loco
775 3596 942 3670 leguntur3
978 3610 1084 3667 neque
1117 3595 1205 3652 eninr

41 3698 45 3703 ’
87 3705 190 3762 solum
224 3721 306 3778 quae
340 3705 380 3761 de
414 3704 541 3762 actione
573 3703 717 3761 nondum
750 3703 832 3760 bene
873 3707 1012 3759 tractata
1046 3707 1205 3759 monstrat

86 3812 228 3885 produnt
252 3812 468 3881 Aristotelem,
503 3811 561 3869 sed
585 3811 683 3868 etiam
707 3811 810 3867 iustus
834 3809 913 3866 ordo
942 3813 1105 3866 servatur:
1142 3808 1205 3866 dis-

86 3919 202 3992 positio
227 3919 352 3976 soilicet
375 3919 494 3975 omissa
511 3923 559 3976 cst
575 3923 687 3991 utpote
704 3917 849 3992 indigna,
875 3916 928 3974 cui
945 3915 1096 3990 proprius
1112 3916 1204 3974 locus

87 4026 309 4100 assignaretur
332 4025 416 4084 inter
439 4026 611 4099 primarias
635 4024 811 4082 rhetoricos
835 4029 954 4097 partes.
1004 4017 1127 4080 13541)
1147 4017 1202 4080 lt:

88 4174 139 4190 ...
164 4126 203 4189 τὰ
220 4125 279 4192 ἔξω
295 4129 352 4188 τοῦ
370 4126 554 4204 πράγματα(
577 4127 822 4203 τεχνολογοῖιειν
846 4122 913 4187 <leot
929 4121 1031 4187 τᾶλλα
1048 4123 1203 4200 διορίζου-

86 4253 143 4310 τιν,
178 4231 249 4297 οἷον
272 4233 301 4296 τί
325 4234 433 4296 δεῖτὸ
462 4233 631 4311 προοίμιον
654 4233 673 4310 ἢ
697 4232 756 4310 τὴν
786 4231 927 4308 διήγηαν
957 4230 1040 4309 ἔχειν
1064 4233 1114 4294 καὶ
1137 4233 1203 4294 τιῖιν
