2654 5226
531 646 707 703 ...35-

170 832 313 894 Demetr.
337 827 396 893 38:
421 827 560 894 ςύνθεςις
584 831 619 894 δὲ
644 830 896 910 μεγαλοπρεπής,
920 828 963 895 ὥς
986 851 1083 911 φηςιν
1098 829 1178 911 Ἀρι-

48 936 217 1015 ςτοτέλης,
239 937 259 1014 ἡ
283 937 447 1015 παιωνική.
493 944 616 1002 frustra
638 945 699 1002 hoe
723 960 859 1018 quaeres
883 945 917 1003 in
932 945 1016 1003 libro
1032 945 1090 1015 III,
1115 945 1178 1003 nisi

50 1049 143 1108 velis
178 1049 315 1107 disiecta
348 1050 495 1109 membra
519 1051 682 1127 colligere,
721 1045 840 1109 14081)
865 1045 924 1109 33:
970 1045 1040 1109 ὁδ’
1065 1045 1177 1125 ίαμβος

52 1148 140 1228 αὐτή
175 1149 257 1214 ἐςτιν
291 1150 311 1228 ἡ
346 1150 427 1217 λέξις
461 1150 480 1228 ἡ
515 1154 581 1215 τῶν
615 1155 838 1216 πολλῶν...
863 1156 912 1216 δεῖ
941 1153 975 1216 δέ
1003 1152 1178 1232 ςεμνότητα

53 1257 202 1333 γενέςθαι
236 1258 288 1320 καὶ
322 1257 471 1335 ἐκςτῆςαι.
518 1257 536 1320 ὁ
572 1259 607 1322 δέ
641 1262 791 1337 τροχαῖος
815 1259 1085 1338 κορδακικώτερος
1110 1311 1116 1323 .
1140 1311 1177 1324 ..

10 1400 12 1405 -
56 1365 199 1429 λείπεται
224 1365 259 1428 δέ
282 1364 382 1429 παιάν
406 1416 412 1428 .
437 1416 443 1428 .
467 1416 473 1428 .
498 1364 516 1428 ὁ
541 1366 576 1428 δέ
600 1365 698 1429 παιὰν
722 1366 867 1444 ληπτέος.

10 1452 13 1553 2
166 1477 257 1536 Dem.
281 1472 340 1536 34:
386 1473 424 1536 τὸ
459 1473 494 1536 δέ
529 1475 635 1536 κῶλον
658 1471 872 1551 Ἀριςτοτέλης
907 1471 1010 1537 οὕτως
1040 1473 1178 1551 ὁρίζεται

10 1640 14 1697 ι
55 1574 184 1642 “κῶλόν
208 1577 270 1641 ἐςτι
291 1580 328 1642 τό
345 1578 454 1658 ἕτερον
471 1579 564 1658 μέρος
581 1578 760 1658 περιόδου”.
796 1578 863 1644 είτα
879 1580 1023 1659 ἐπιφέρει
1040 1578 1177 1657 “γίνεται

10 1710 13 1771 5
55 1685 93 1777 δε
117 1686 170 1748 καὶ
192 1684 278 1762 ἁπλῆ
301 1684 478 1763 περίοδος”.
513 1684 616 1749 οὕτως
640 1685 825 1764 δριςόιμενος
850 1685 907 1750 “τό
930 1686 1041 1766 ἕτερον
1065 1686 1178 1766 μέρος”

10 1802 13 1903 ᾗ
54 1791 197 1856 δίκωλον
232 1792 383 1872 ἐβούλετο
413 1791 493 1857 εἶναι
516 1794 574 1871 τὴν
598 1794 750 1871 περίοδον
767 1794 924 1872 δηλονότι.
971 1794 1049 1857 δδὲ
1072 1792 1177 1874 Ἀρχέ-

10 1924 12 1929 ·
53 1904 157 1977 δημος
181 1900 347 1978 ςυλλαβὼν
369 1901 428 1963 τόν
451 1898 531 1977 ὅρον
554 1903 611 1963 τοῦ
636 1898 871 1978 Ἀριςτοτέλους
896 1902 1004 1965 καὶτὸ
1028 1901 1177 1980 ἐπιφερό-

53 2025 156 2084 μενον
190 2011 236 2090 τῷ
272 2004 338 2089 όριρ
374 2006 568 2086 ςαφέςτερον
603 2008 653 2070 καὶ
688 2007 884 2085 τελεώτερον
914 2006 1017 2070 οὕτως
1041 2007 1177 2086 ὡρίςατο

52 2111 184 2177 “κῶλόν
207 2113 290 2176 ἐςτιν
312 2113 382 2191 ἤτοι
406 2112 491 2190 ἁπλῆ
515 2113 664 2191 περίοδος
681 2114 700 2191 ἢ
717 2114 870 2178 ςυνθέτου
886 2115 1039 2192 περιόδου
1056 2113 1178 2193 μέρος”.
1247 2120 1253 2135 “

52 2222 114 2300 (ef.
147 2226 238 2284 Dem.
276 2221 332 2284 li:
380 2221 559 2298 μονόκωλοι
594 2221 631 2284 ἃς
666 2224 815 2285 καλοῦςιν
850 2221 953 2285 ἁπλᾶς
988 2222 1181 2302 περιόδους.)

55 2333 159 2391 Arist.
186 2327 304 2389 1409λο
332 2327 387 2390 13;
412 2327 561 2404 περίοδος
586 2329 621 2390 δὲ
644 2327 663 2404 ἡ
689 2329 745 2406 μὲν
769 2328 804 2391 ἐν
827 2328 950 2404 κώλοις,
974 2328 1038 2407 ἡδ’
1056 2327 1178 2407 ἀφελής

57 2484 64 2497 .
89 2485 96 2496 .
121 2485 127 2496 .
151 2436 258 2497 κῶλον
281 2438 308 2496 δ’
334 2433 416 2498 ἐςτίν
440 2435 477 2497 τὸ
501 2434 612 2511 ἕτερον
628 2435 741 2513 μόριον
756 2434 881 2513 ταύτης.
921 2434 1025 2514 ἀφελῆ
1043 2436 1177 2512 δὲλέγω

57 2541 119 2618 τὴν
143 2540 338 2618 μονόκωλον.
384 2548 503 2621 quibus
538 2547 699 2617 differant,
733 2565 798 2605 non
832 2549 939 2606 minus
967 2555 1057 2623 patet
1081 2565 1178 2622 quam

58 2654 261 2712 Demetrium
300 2655 371 2727 ipsa
404 2654 507 2711 verba
540 2670 605 2711 non
639 2660 764 2712 mutata
798 2655 1020 2728 exscripsisse.
1082 2656 1178 2714 nimis

59 2767 170 2818 autem
194 2760 368 2818 artificiosa
392 2766 440 2818 est
463 2761 576 2818 Dielsii
599 2749 701 2835 (Uber
722 2762 753 2818 d.
771 2755 801 2818 3.
819 2761 855 2818 B.
879 2778 910 2835 p.
924 2756 979 2836 24)
1003 2762 1179 2836 explicatio

59 2867 219 2925 Demetrii
254 2883 362 2924 errore
398 2868 619 2925 definitionem
653 2868 848 2926 Arolredemi
890 2884 949 2942 pro
985 2869 1179 2927 Aristotelea

59 2973 182 3032 afferri.

168 3080 259 3138 Doni.
284 3074 340 3139 81:
365 3073 472 3152 ἀρίςτη
497 3075 532 3138 δέ
556 3079 644 3138 δοκεῖ
666 3075 833 3154 μεταφορὰ
860 3081 905 3159 τῷ
930 3073 1177 3155 Ἀριςτοτέλειὴ

58 3188 129 3245 κατ’
147 3181 309 3260 ἐνέργειαν
325 3182 512 3259 καλουμένη,
537 3180 615 3245 ὅταν
631 3181 671 3245 τὰ
687 3181 796 3260 ἄψυχα
809 3182 1005 3260 ’ἐνεργοῦντα
1021 3182 1179 3261 εἰςάγηται

58 3287 203 3367 καθάπερ
238 3287 373 3366 ἔμψυχα.
420 3295 690 3370 significationem
723 3289 890 3369 μεταφορὰ
924 3296 991 3352 κατ’
1017 3289 1179 3367 ἐνέργειαν

59 3403 150 3476 apud
173 3402 368 3459 Aristotelen
392 3432 436 3440 -
459 3419 535 3459 nam
559 3416 632 3460 eum
656 3419 750 3460 usum
774 3419 845 3461 esse
868 3403 925 3460 illa
941 3403 1179 3478 significatione

59 3525 77 3567 e
103 3508 259 3566 Demetrii
293 3509 404 3566 vorbis
439 3509 659 3583 colligendum
693 3509 772 3566 mihi
806 3510 938 3567 videtur
961 3540 1004 3548 —
1027 3525 1086 3567 nos
1113 3526 1178 3567 non

59 3616 211 3691 legimus.
246 3646 290 3654 —-
325 3616 411 3689 quod
447 3616 587 3688 denique
622 3611 641 3687 ξ
667 3610 729 3672 116
765 3617 835 3673 loeo
870 3617 1002 3689 quidem
1025 3617 1179 3674 laeunoso

25 3774 29 3781 .
60 3722 257 3780 Aristotelea
290 3715 423 3795 (iloto
447 3715 502 3794 34)
537 3722 711 3779 laudantur
746 3723 860 3781 ordino
894 3738 1026 3796 prorsus
1055 3728 1179 3780 mutato

60 3845 126 3887 non
150 3830 255 3904 magis
279 3845 435 3902 premam,
461 3845 558 3901 quam
582 3829 669 3901 quod
693 3829 819 3902 periodi
844 3829 988 3887 definitio
1012 3830 1179 3888 Aristoteli

60 3937 205 4010 ascripta
228 3932 247 4008 ξ
273 3931 310 3993 il
337 3930 498 4010 (περίοδός
523 3930 585 3992 ἐςτι
602 3929 682 3995 λέξις
700 3928 802 4007 ἀρχὴν
818 3928 934 4007 ἔχουςα
949 3931 1000 3992 καὶ
1016 3931 1180 4010 τελευτήν)

59 4059 126 4100 non
158 4058 290 4116 prorsus
324 4043 498 4116 respondet
533 4042 563 4100 oi
598 4058 681 4114 quae
716 4047 765 4099 est
788 4042 822 4099 in
845 4043 866 4099 l.
891 4043 939 4100 ΠΙ
961 4037 1060 4116 (1409
1077 4060 1097 4100 a
1119 4037 1178 4101 35:

61 4143 145 4219 λέγω
180 4144 215 4206 δὲ
249 4144 401 4221 περίοδον
436 4144 519 4209 λέξιν
547 4142 682 4220 ἐχουςαν
706 4140 808 4220 ἀρχὴν
832 4144 882 4206 καὶ
905 4145 1055 4221 τελευτὴν
1080 4143 1179 4222 αὐτὴν

60 4255 130 4314 καθ’
156 4249 331 4327 αὐτὴνκαὶ
355 4249 486 4328 μέγεθος
511 4248 731 4328 εὐςιίνοπτον);
754 4256 930 4331 genuinam
954 4256 1086 4328 quidem
1109 4257 1179 4314 Ari-

62 4364 231 4421 stoteleam
255 4364 338 4421 dueo
363 4363 584 4420 definitionem
600 4379 620 4419 a
635 4362 799 4420 Demetrio
816 4368 995 4435 servatam
1020 4363 1179 4436 imprimis

61 4471 165 4528 verba
188 4463 288 4541 αὐτὴν
312 4468 379 4526 καθ’
405 4462 505 4541 αὐτὴν
530 4484 734 4543 supervacua
762 4484 894 4543 prorsus
927 4469 1046 4526 omissa
1078 4470 1179 4527 fuisse

62 4577 259 4635 crediderim
276 4578 307 4634 in
323 4576 505 4634 Aristotelis
522 4576 712 4651 exemplari.
743 4576 880 4634 fortasse
897 4577 1080 4647 addiderat,
1105 4591 1178 4635 eum
