2594 5174
564 288 739 344 „10-

94 470 227 548 μάττου(
258 475 482 550 μεταφορικοῑε
511 471 644 547 ὀνόματι
673 474 760 533 καλώ
788 472 847 547 τὴν
875 472 932 547 μὲν
955 469 1123 548 coempta,
1153 470 1214 548 τὴν

93 580 128 642 δὲ
151 578 321 657 γλαφυράν
345 577 375 660 [ἢ
399 577 581 662 ἀνθηράνΓ,
605 579 663 656 τὴν
679 579 714 642 δὲ
730 578 838 656 τρίτην
855 578 993 656 κοινήνῖ.
1034 583 1116 642 haee
1131 599 1214 641 vera

92 708 157 751 non
181 698 264 751 sunt.
304 692 444 765 primum
468 692 555 764 quod
579 691 621 748 ad
645 684 801 763 ἁρμονίαν
824 684 993 763 γλαφυρὰν
1017 690 1135 748 attinet
1150 690 1213 748 De·

92 799 226 859 metrius
252 793 315 856 179
338 799 425 856 idem
449 799 623 874 gloriatur:
647 793 724 855 οὐδὲ
746 792 807 870 γὰρ
830 771 896 855 τῶν
919 793 995 870 πρὶν
1011 791 1133 870 εἴρηταί
1149 812 1213 857 τινι

91 901 164 977 περὶ
186 902 354 979 γλαφυρᾶς
378 900 559 964 sorberetur.
602 906 737 963 dubium
762 906 848 963 enim
872 922 937 963 non
961 912 1020 974 est,
1045 905 1125 978 quin
1149 905 1211 963 De-

92 1013 226 1072 metrius
249 1013 405 1087 Dionysio
435 1029 513 1071 usus
542 1030 607 1071 non
637 1014 693 1085 sit3
729 1012 825 1070 huius
848 1013 925 1070 libri
948 1028 1023 1070 cum
1047 1012 1214 1070 rhetorica

92 1125 268 1196 praecepta
301 1136 360 1194 per
384 1137 418 1178 se
442 1121 542 1178 taedii
566 1121 664 1194 plena
687 1121 829 1195 eleganti
855 1135 1002 1178 sermone
1026 1119 1214 1195 generatim

91 1228 196 1303 magis
229 1244 326 1300 quam
356 1228 399 1284 ad
422 1244 523 1286 unum
547 1227 656 1285 omnia
679 1233 831 1284 accurate
854 1232 1045 1300 proponant,
1081 1227 1213 1302 largam

91 1335 180 1393 illam
215 1334 379 1392 Demetrio
413 1335 583 1392 materiem
617 1350 682 1392 non
720 1342 870 1407 poterant
908 1333 1075 1407 praebere,
1115 1334 1213 1393 cuius

92 1442 221 1500 libellus
245 1458 265 1499 a
288 1441 442 1500 continua
472 1442 690 1516 descriptione
714 1458 817 1516 paene
841 1456 973 1514 prorsus
997 1440 1123 1498 alienus
1148 1441 1213 1501 siu·

91 1549 170 1624 gula
192 1555 368 1624 praecepta
383 1556 456 1608 utut
474 1556 603 1624 praesto
620 1559 695 1608 sunt
711 1548 885 1618 subnectit,
910 1547 1081 1622 exquisitis
1109 1549 1212 1624 scrip-

90 1628 197 1714 torum
229 1662 376 1716 veterum
409 1657 569 1732 imprimis
604 1674 668 1715 nen
703 1658 806 1715 solum
839 1656 1094 1714 declamatorum
1128 1655 1212 1714 loeis

90 1763 241 1822 refertus.
288 1764 447 1838 imprimis
471 1769 580 1823 autem
602 1765 663 1823 hoc
697 1763 874 1822 tenendum
898 1768 946 1820 est
985 1763 1072 1838 apud
1096 1761 1212 1821 Deme·

91 1871 189 1930 trium
224 1877 373 1930 auctores
408 1872 593 1931 accuratius
624 1871 783 1939 adhiberi,
819 1871 876 1944 qui
899 1870 1055 1945 Dionysio
1079 1886 1212 1943 quoque

92 1978 318 2052 suppetebant,
354 1978 562 2036 Aristotelem
587 1984 619 2035 et
642 1978 911 2052 Theophrastum.
941 2008 985 2016 -
1014 1977 1144 2046 deiude,
1173 1984 1213 2036 ut

92 2085 233 2159 priorem
256 2085 404 2159 Dionysii
428 2086 706 2143 confirmationem
734 2085 905 2153 infirmem,
938 2084 1211 2159 Theophra-stum,

90 2191 182 2250 cuius
206 2187 381 2267 opus'urp'r
405 2186 518 2252 λέξεως
543 2193 637 2250 affert
649 2192 742 2250 Dion.
767 2192 808 2249 de
832 2208 860 2249 ο.
884 2208 916 2248 ν.
936 2186 986 2261 16,
1012 2192 1052 2248 de
1064 2191 1126 2249 hac
1138 2207 1211 2265 pro·
1257 2222 1259 2231 ·

89 2299 200 2357 vincia
228 2299 523 2373 optimemeritum
547 2316 618 2358 esse
642 2315 717 2357 cum
741 2297 852 2357 Cicero
877 2298 968 2356 testis
991 2304 1049 2367 est,
1073 2303 1140 2355 tum
1166 2315 1210 2356 ex

90 2407 284 2482 fragmentis
319 2413 369 2464 sat
403 2408 513 2465 multis
548 2407 735 2465 etiamnunc
759 2423 779 2463 a
801 2406 895 2463 nobis
917 2404 1128 2479 perspicitur3
1167 2405 1210 2462 de

91 2513 206 2572 Stoicis
230 2513 373 2588 loquitur
395 2514 586 2588 Dionysius3
622 2514 740 2572 mirum
769 2513 916 2588 profecto
940 2512 1028 2586 apud
1050 2508 1108 2570 h'os
1132 2529 1209 2570 eum

90 2621 169 2678 talia
192 2621 374 2694 requirere!
399 2638 440 2679 an
465 2639 485 2678 a
507 2638 586 2679 vero
611 2638 668 2680 suo
692 2627 824 2679 auctore
848 2637 906 2678 nos
923 2620 1087 2678 abducere
1103 2619 1209 2677 voluit

26 2774 30 2783 .
90 2728 194 2786 bonus
217 2705 415 2802 Dionysius?
438 2758 482 2766 —
507 2735 576 2786 turn
600 2729 698 2786 trium
721 2744 879 2803 generum
896 2727 1093 2796 constituti0‚
1118 2727 1208 2784 tertii

41 2906 48 2927 ί
90 2836 282 2908 praesertim
298 2829 401 2906 μέτου,
425 2835 678 2909 Peripateticum
695 2835 819 2922 prodit3
845 2835 885 2892 de
910 2851 938 2891 c.
955 2851 986 2891 ν.
1004 2828 1057 2890 24.
1077 2828 1149 2903 186,
1168 2828 1207 2892 3:

89 2935 290 3014 ἡδὲκτρίτη
326 2938 397 3000 κοιὶ3
432 2937 506 3015 μέεη
541 2941 607 3001 τῶν
641 2937 816 3014 εἰρημένων
840 2940 929 3000 ουεῑν
952 2935 1115 3013 ἁρμονιῶν
1138 2986 1145 2997 .
1170 2986 1175 2998 .
1202 2987 1208 2999 .

90 3046 176 3106 δοκεῖ
200 3064 251 3120 μοι
274 3043 314 3107 τὰ
337 3049 479 3123 πρωτεῖα
494 3044 676 3121 ἐπιτηδεία4
692 3043 793 3107 εἶναι4
810 3045 967 3122 φέρετθαι,
991 3043 1100 3120 ἐπειδὴ
1118 3043 1207 3120 ρετό-
1235 3062 1241 3071 ·

62 3146 143 3228 ’τηε
179 3150 236 3228 μέν
271 3151 362 3228 {cub
399 3152 530 3231 μεεότητ
554 3154 589 3216 οὲ
612 3152 632 3230 ἡ
656 3150 751 3230 ἀρετὴ
776 3153 827 3214 καὶ
852 3151 929 3231 βίων
953 3152 1003 3214 καὶ
1021 3148 1131 3228 ’ἔργων
1154 3151 1207 3214 καὶ
1239 3186 1243 3191 ·

87 3347 300 3357 m

196 3469 386 3538 1ἢάνθηροίν
413 3473 509 3526 ethic
535 3478 564 3525 et
587 3472 629 3525 23.
650 3471 740 3538 irat
760 3473 787 3536 (ἡ
811 3471 842 3524 δὲ
868 3470 999 3536 γλαφυρὰ
1023 3471 1068 3521 καὶ
1097 3469 1207 3534 ἀνθηρὰ
1245 3490 1249 3501 ·

88 3563 218 3625 (trecor)
241 3577 296 3615 om.
317 3561 349 3627 Ρ,
377 3561 455 3615 male
474 3561 591 3614 addunt
609 3561 632 3613 F
651 3567 681 3614 et
701 3561 838 3628 epitome.
879 3559 1013 3613 delectus
1033 3559 1205 3625 verborum,

60 3666 65 3675 ·
88 3651 218 3704 elocutio
238 3651 280 3703 sic
299 3655 398 3719 potest
416 3651 564 3703 nominari
585 3680 617 3687 -
639 3648 675 3702 cf.
696 3650 734 3702 de
753 3648 836 3701 Dem.
858 3649 899 3701 18,
920 3648 997 3714 1001,
1012 3646 1046 3700 15
1066 3677 1107 3714 ,-,
1128 3663 1206 3701 corn·

88 3740 196 3808 positio
216 3741 360 3817 universa
379 3741 500 3807 nequit:
519 3755 589 3792 nam
610 3739 647 3792 de
661 3756 684 3791 c.
699 3756 727 3792 ν.
747 3738 789 3791 29.
812 3738 900 3804 150,3
921 3726 1017 3791 obiter
1036 3742 1207 3807 tanguntur

88 3844 136 3881 res
155 3845 208 3897 per
228 3844 260 3882 se
279 3829 503 3899 compositionis
523 3845 584 3881 non
603 3829 753 3897 propriae,
782 3827 835 3880 sed
855 3828 941 3895 quasi
961 3826 1141 3892 accidentes,
1168 3826 1206 3881 de

89 3932 149 3993 quo
174 3916 244 3971 vide
272 3933 365 3986 supra
390 3933 460 3986 pag.
479 3918 496 3969 tl
516 3919 572 3970 sub
592 3933 672 3970 num.
692 3917 743 3970 III.
845 3913 972 3981 ἳκοινήν
991 3915 1028 3983 Ρ,
1056 3914 1128 3968 Fet
1147 3917 1207 3984 cpi·

65 4007 69 4017 ’
88 4012 168 4060 tome
187 4012 217 4059 et
235 4006 284 4058 hic
303 4012 332 4060 et
352 4023 375 4059 c.
392 4005 435 4058 24.
450 4006 509 4071 186,
523 4006 540 4058 4
553 4006 666 4059 habent
684 4007 823 4071 stirpator
925 4003 936 4038 ³
955 4006 999 4057 καὶ
1018 4003 1054 4072 F,
1074 4007 1163 4056 τεκαὶ
1182 4004 1205 4056 Ρ

87 4092 242 4163 ‘propter
260 4094 375 4149 hiatum
394 4101 447 4148 aut
475 4095 546 4147 εἶναι
565 4093 726 4148 delendum
754 4100 807 4147 aut
832 4094 989 4160 ἐπιτήδειος
1013 4093 1205 4147 scribendum

89 4185 209 4240 videtur
308 4182 320 4217 ⁵
339 4184 388 4249 μέν
408 4185 463 4238 {cu
482 4183 519 4252 P;
539 4184 589 4248 μέν
606 4201 648 4237 τι(
667 4184 689 4236 F
