2654 5226
580 618 832 684 -39-'*

26 822 35 899 'J
102 818 290 879 Aristotelis
313 834 431 876 nomen
449 818 535 891 quod
560 822 841 886 commemoratur,
859 818 956 891 paulo
978 817 1073 874 aliter
1089 818 1227 891 explico.

28 942 32 949 ·
103 926 246 985 Dielsius
271 925 357 982 enim
379 926 398 982 l.
422 925 441 982 l.
464 941 494 998 p.
519 918 559 981 15
583 925 763 982 rectissime
787 929 864 998 pute
889 925 1039 998 exposuit
1061 924 1228 982 Theodec·
1287 928 1290 933 '

26 1086 28 1091 .
103 1040 171 1092 tem
194 1032 367 1090 Aristotele
392 1032 526 1089 absente
543 1037 647 1089 artem
662 1031 858 1105 rhetoricam
875 1031 1024 1089 docuisse
1042 1031 1222 1089 seeundum

26 1118 31 1187 ,³
103 1141 176 1199 eius
199 1138 461 1210 commentarios3
491 1154 563 1195 eam
587 1143 695 1196 autern
720 1143 832 1207 artem,
858 1154 941 1210 quae
966 1154 1008 1194 ex
1031 1137 1081 1195 his
1106 1137 1224 1195 scholis

104 1252 177 1305 urta
200 1247 251 1315 sit,
276 1250 380 1303 artem
396 1245 645 1320 Theodecteam‚
671 1245 908 1318 quedammodo
929 1245 1071 1318 priorem
1094 1251 1225 1303 nostrae

26 1414 29 1419 ,
104 1354 185 1411 artis
208 1354 290 1411 rhet.
315 1352 528 1410 Aristoteleae
553 1353 729 1410 editionem
754 1368 834 1410 esse.
881 1353 915 1409 in
939 1369 976 1409 eo
1001 1352 1101 1428 igitur
1130 1346 1225 1422 libre,

103 1461 161 1534 qui
184 1460 378 1519 Aristoteleo
400 1460 614 1517 fundamento
638 1460 729 1517 nisus
753 1460 1046 1518 circumferebatur
1061 1459 1225 1517 Theodec-

103 1573 186 1637 teus‚
212 1567 253 1624 de
276 1567 381 1624 tribus
405 1572 531 1625 tantum
555 1567 710 1624 orationis
735 1567 903 1623 elementis
925 1571 1034 1624 actum
1058 1572 1107 1624 est
1129 1597 1174 1604 —
1197 1567 1224 1624 si

103 1674 185 1749 quid
219 1674 330 1732 valent
365 1679 475 1731 nostra
510 1674 694 1731 testimonia
723 1695 781 1746 -—;
817 1679 889 1748 post
925 1690 999 1731 cum
1034 1673 1225 1732 Aristoteles
1311 1744 1314 1749 ἱ

102 1781 250 1839 Athenas
273 1797 424 1839 reversus
440 1781 598 1839 scriberet
622 1787 725 1839 artem
748 1781 919 1855 poetieam,
945 1787 1059 1854 aptum
1082 1781 1113 1838 ei
1136 1781 1226 1839 vide-

101 1890 202 1949 batur
225 1888 381 1962 adoptare
406 1889 579 1946 articulum
603 1889 644 1945 ab
669 1889 861 1946 Antisthene
885 1889 1064 1946 inventum.

210 1996 369 2053 Revertor
392 1995 435 2051 ad
459 1994 593 2053 Stoicos.
618 1994 766 2053 Laertius
789 1995 851 2054 VH
874 1988 915 2053 et
947 2000 1086 2054 testatur
1109 1995 1225 2071 Dioge-

101 2119 179 2160 nem
203 2103 419 2176 Babylonium
448 2108 480 2159 et
504 2101 722 2176 Chrysippum
752 2103 895 2176 quinque
918 2108 1028 2177 partes
1057 2103 1223 2160 statuisse:

102 2201 216 2281 ὄνομα,
240 2203 464 2282 προεηγορίοιν,
493 2203 584 2280 ῥῆμα,
620 2203 802 2285 εύνοεεμον,
828 2202 980 2281 deripere*
1017 2209 1224 2283 Antipatrum

103 2317 271 2374 addidisse
307 2311 470 2389 μεεότητοι.
517 2317 575 2375 sed
599 2318 795 2390 posteriores
819 2317 875 2374 ubi
911 2317 944 2374 in
968 2317 1158 2375 universum
1183 2317 1223 2375 de

102 2422 326 2481 Stoicorum
351 2424 500 2481 doctrina
523 2425 709 2496 lequuntur,
745 2424 919 2496 quinque
943 2424 1015 2480 illas
1051 2429 1160 2496 partes
1184 2424 1224 2482 iis

102 2530 259 2588 tribuunt.
305 2532 370 2588 iarn
398 2532 578 2600 videamus,
615 2547 712 2603 quarn
736 2548 801 2588 non
837 2537 925 2588 reete
949 2531 1097 2605 Dionysii
1127 2531 1224 2605 Quin-

103 2637 273 2710 tilianique
309 2643 423 2695 auctor
447 2638 568 2694 dixerit
592 2638 735 2694 maxime
771 2639 812 2695 ab
837 2638 886 2695 his
911 2638 1144 2696 clementorum
1167 2656 1223 2697 nu-

102 2759 228 2802 merum
251 2751 383 2802 auctum
413 2761 499 2802 esse:
536 2750 689 2817 quattuor
713 2745 873 2802 elementa
906 2745 997 2801 novit
1021 2745 1222 2815 Aristoteles

101 2858 174 2908 oete
199 2852 422 2924 Aristarchus3
440 2851 556 2910 Stoicis
573 2851 674 2926 igitur
691 2853 760 2909 sola
775 2857 883 2925 posset
900 2852 1000 2909 tribui
1016 2847 1221 2925 προεηγορίοι,

101 2957 143 3014 de
167 2974 232 3030 qua
255 2958 326 3031 ipsa
342 2975 470 3031 quoque
487 2959 648 3030 quaedam
666 2959 845 3016 rectissime
861 2959 986 3016 monuit
1002 2958 1220 3018 Aristarchus.

101 3064 167 3120 iarn
190 3080 268 3122 vere
293 3066 319 3121 si
343 3065 396 3121 hie
419 3066 543 3138 primus
567 3072 640 3123 octo
664 3066 737 3122 illas
761 3072 870 3139 partes
899 3066 1075 3135 statuisset,
1100 3083 1152 3123 me
1176 3067 1221 3125 iu-

101 3171 176 3229 dice
200 3173 298 3228 etiam
322 3172 355 3228 in
373 3172 503 3228 scholiis
527 3172 560 3228 in
577 3172 715 3229 Iliadem
738 3172 862 3228 indicia
878 3178 1056 3241 exstarent,
1081 3173 1222 3246 priorem

100 3278 203 3353 igitur
226 3279 414 3336 Aristarcho
432 3279 625 3351 quaerimus.
661 3279 822 3336 indicates
845 3279 988 3337 vidimus
1005 3279 1221 3353 Theophrasti
1294 3316 1298 3325 ·

101 3387 260 3458 quosdam
283 3387 317 3442 in
342 3386 402 3442 hac
419 3402 454 3442 re
476 3402 682 3460 progressus:
700 3386 880 3460 perfectam
896 3386 986 3443 illam
1010 3387 1050 3444 de
1074 3387 1222 3460 partibus

102 3493 256 3550 orationis
293 3493 475 3551 doctrinam
499 3508 563 3549 nen
600 3492 630 3550 ei
667 3493 779 3550 deberi
815 3499 893 3566 pute
929 3494 986 3551 sed
1010 3493 1221 3567 Praxiphani,

102 3606 280 3657 commotus
307 3601 435 3658 duobus
459 3600 660 3657 testimoniis
696 3599 840 3659 Crameri
864 3601 978 3657 anecd.
1004 3599 1063 3659 Ox.
1079 3601 1124 3660 IV
1140 3594 1221 3660 311:

104 3748 162 3762 ...
188 3700 333 3778 διαφέρει
358 3701 393 3765 δὲ
417 3702 615 3779 γραμματικὴ
639 3705 907 3780 γραμματιετικῆε.
953 3701 1057 3779 ἡγὰρ
1081 3723 1221 3780 γραμμα-

101 3808 169 3884 τικὴ
194 3808 333 3885 νεωτέρα
357 3806 421 3872 ἀπὸ
451 3808 639 3884 Θεαγένουε.
685 3808 861 3871 τετέλεεται
885 3809 920 3871 δὲ
949 3807 1013 3872 ἀπὸ
1038 3812 1104 3873 τῶν
1126 3809 1220 3888 Περι-

102 3918 283 3991 πατητικῶν
305 3915 533 3995 Πραξιφάνουε
559 3937 593 3980 τε
617 3917 667 3979 καὶ
685 3914 919 3994 Ἀριετοτέλουε
944 3920 1021 3992 κτλ.;
1045 3923 1132 3980 idem
1156 3923 1221 3996 ple-

103 4027 175 4084 nius
210 4028 243 4084 in
274 4028 415 4087 Bekkcri
451 4030 562 4086 anecd.
592 4045 639 4104 gr.
671 4024 750 4101 7293
793 4031 832 4087 ef.
863 4028 960 4088 Olern.
990 4030 1082 4087 Alex.
1113 4037 1221 4088 strom.

103 4127 213 4191 1365:
239 4127 405 4207 ὠνομὰεθη
431 4131 465 4192 δὲ
488 4131 701 4208 γραμματικὸε
720 4130 763 4192 ὡ(
787 4133 845 4194 νῦν
870 4129 1069 4208 ὀνομάζομεν
1092 4134 1219 4208 πρῶτοε

108 4290 317 4298 —————.

210 4394 332 4458 *Quod
355 4393 488 4449 Galenus
517 4397 555 4450 de
583 4397 658 4464 plac.
686 4396 761 4448 Plat.
791 4402 821 4449 et
850 4395 938 4464 Hipp.
958 4395 984 4448 V
1002 4395 1055 4450 670
1073 4396 1100 4449 K
1128 4397 1221 4451 tradit

104 4483 304 4553 Chrysippum
322 4487 419 4551 ὄνομα,
440 4488 522 4552 ῥῆμα,
542 4487 718 4552 πρόθεειν,
743 4487 856 4552 ἄρθρον,
880 4485 1029 4550 (ιἰνδεεμον
1048 4487 1220 4540 nominasse

105 4575 252 4628 orationis
271 4575 426 4642 elementa,
446 4576 541 4629 errori
560 4575 664 4629 deberi
683 4576 811 4630 videtur.
