2594 5174
569 278 727 333 „16-

89 460 234 521 hortatus
259 479 373 534 essem,
397 471 580 540 utrumque,
605 475 641 525 ut
665 485 706 525 ex
731 474 762 525 te
780 468 964 538 audiebam,
990 483 1024 526 es
1041 475 1207 543 expertus.

91 571 148 628 sed
165 588 185 627 a
200 571 292 628 libris
316 578 348 630 te
372 573 553 631 obscuritas
577 575 700 632 reiecit.
725 575 834 632 rhetor
857 581 965 632 autem
990 576 1044 634 illc
1068 592 1208 652 magnus

88 678 179 748 haec,
215 683 250 736 ut
274 679 388 753 opinor
412 681 614 751 Aristotelea,
652 699 685 739 se
710 683 860 758 ignorare
896 683 1074 756 respondit.
1121 685 1208 757 quod

91 786 223 858 quidem
257 787 389 845 minime
426 803 496 845 sum
532 789 710 846 admiratus
740 806 813 847 eum
836 790 1063 863 philosophum
1086 791 1207 848 rhetori

89 908 154 949 non
179 909 249 950 csse
274 894 449 968 cognitum,
475 895 530 967 qui
554 896 596 952 ab
621 896 699 969 ipsis
723 896 921 970 philosophis
944 902 1075 970 praeter
1099 898 1207 955 admo-

90 999 168 1056 dum
191 1015 312 1073 paucos
336 993 571 1076 ignoraretur.”
611 1003 748 1060 fortasse
765 1008 857 1060 erant
874 1003 997 1077 Topica
1013 1003 1209 1062 Aristotelea

87 1106 121 1163 in
145 1106 309 1165 Ciceronis
344 1108 556 1181 bibliotheca3
592 1127 632 1168 nc
657 1111 729 1183 quis
755 1111 868 1167 credat
892 1110 1083 1168 Ciceronem
1103 1129 1144 1168 ea
1167 1113 1208 1170 le·

88 1215 190 1289 gisse:
215 1215 406 1289 compendio
430 1217 477 1275 uti
490 1217 625 1274 solebat.
662 1218 813 1276 audiatur
830 1219 914 1291 ipso:
940 1219 982 1275 ad
999 1206 1076 1276 farn.
1090 1218 1152 1277 VII
1167 1214 1208 1278 19

88 1314 216 1394 “itaque
250 1328 286 1380 ut
320 1322 460 1395 primum
488 1323 582 1380 Velia
616 1324 773 1399 navigare
810 1325 912 1398 coepi,
927 1318 930 1324 ’
948 1325 1074 1382 institui
1099 1327 1208 1400 topica

87 1429 283 1487 Aristotelea
317 1421 557 1501 conscribere'';
602 1425 712 1504 topi)
747 1423 875 1504 <‘itaque
900 1432 990 1501 hacc,
1022 1448 1108 1490 cum
1132 1450 1207 1490 me·

87 1551 172 1593 cum
196 1536 321 1593 libros
344 1553 419 1593 non
444 1537 642 1607 haberem,
667 1539 854 1595 memoria
880 1539 1055 1612 repetita
1079 1539 1112 1596 in
1136 1540 1208 1613 ipsa

88 1643 298 1719 navigatione
334 1645 512 1717 conscripsi
548 1645 672 1718 tibique
703 1662 744 1702 ex
769 1647 884 1702 itinere
907 1638 1011 1703 misi.''
1050 1653 1208 1718 quantam

88 1766 218 1824 operam
255 1751 288 1808 11
313 1751 496 1808 Aristotelis
530 1751 649 1809 librum
684 1753 882 1825 impendisse
918 1753 1083 1826 putandus
1119 1754 1207 1810 cstl‘i

87 1858 184 1915 facile
220 1864 297 1932 puto
327 1858 556 1933 intellegimus,
593 1859 657 1931 qui
682 1859 805 1916 lactum
830 1859 880 1927 sit,
905 1864 941 1917 ut
965 1860 1004 1916 in
1028 1860 1208 1933 ipsorum

87 1964 326 2038 Topicorum
351 1965 519 2022 exordio
537 1960 568 2037 (ξ
581 1959 614 2038 3)
631 1965 742 2023 laudet
758 1965 941 2023 Aristotelis
957 1967 1058 2023 libros
1074 1973 1208 2042 propter

88 2063 239 2128 “dicendi
274 2071 500 2151 incredibilem
535 2072 700 2145 quandam
733 2088 807 2130 cum
842 2074 978 2146 copiam,
1014 2075 1208 2132 tumetium

88 2162 311 2236 suavitatem’'.
336 2208 380 2216 -
403 2178 467 2234 alio
491 2178 571 2247 loco,
596 2179 651 2251 qui
675 2185 724 2236 est
748 2179 789 2236 de
813 2195 858 2236 or.
883 2179 914 2237 Ii
940 2174 1003 2237 160
1042 2173 1059 2194 “
1073 2224 1079 2237 .
1095 2225 1101 2237 .
1117 2224 1123 2238 .
1137 2182 1208 2241 Α11-

88 2285 246 2354 stotelem,
282 2285 374 2342 cuius
409 2291 441 2342 et
469 2285 561 2343 illurn
584 2286 649 2361 legi
674 2286 803 2356 libmm,
840 2287 960 2359 inquo
985 2289 1137 2361 exposuit
1163 2289 1208 2346 di·

87 2392 184 2449 cendi
219 2397 305 2448 artes
340 2392 483 2450 omnium
517 2393 720 2479 superiorum
755 2399 787 2450 et
814 2393 896 2462 illos,
933 2395 966 2450 in
991 2394 1109 2466 quibus
1135 2396 1207 2468 ipse

821 2491 838 2512 ἱ)

88 2515 147 2557 sua
176 2498 337 2571 quaedam
372 2499 551 2556 decadem
575 2482 848 2569 arte'dixit...,
884 2516 921 2557 eo
946 2500 1074 2558 facilius
1098 2502 1208 2560 lenem

87 2605 295 2663 iactationem
311 2605 458 2664 Ciceroni
483 2606 639 2675 cendone,
664 2607 751 2679 quod
767 2606 943 2665 Antonium
966 2607 1023 2664 illa
1040 2608 1204 2667 dicentem

86 2712 176 2770 facit.
200 2743 244 2751 —-
268 2713 308 2770 de
332 2713 386 2770 fin.
410 2712 458 2770 ΠΙ
484 2707 540 2770 1οι
577 2705 664 2770 “turn
698 2714 753 2771 ille
785 2704 842 2774 (M.
868 2705 979 2773 Cato>2
1015 2719 1051 2772 tu
1084 2720 1205 2786 autem,

87 2835 161 2879 cum
184 2820 254 2894 ipsc
278 2824 404 2877 tantum
427 2819 585 2888 librorum
608 2820 739 2889 habeas,
765 2836 845 2893 quos
867 2821 919 2877 hic
940 2811 989 2881 <in
1006 2821 1207 2880 bibliotheca

85 2919 228 2988 Luculli)
248 2929 381 2986 tandem
405 2926 565 3001 requiris?
589 2928 838 2986 commentarios
860 2929 1028 3002 quosdam,
1058 2928 1209 3005 inquam,

86 3038 306 3107 Aristotcleos,
332 3053 411 3111 quos
435 3036 488 3093 hic
512 3035 655 3093 sciebam
672 3052 752 3105 esse,
777 3036 853 3093 veni
870 3043 906 3094 ut
924 3037 1097 3107 auferrem,
1124 3053 1206 3110 quos

86 3145 239 3221 legerem,
275 3146 352 3204 dum
388 3160 491 3202 essem
525 3135 675 3201 otiosus''.
722 3159 800 3201 num
824 3143 896 3216 quis
920 3144 1040 3202 talibus
1065 3145 1206 3203 certiora

86 3253 143 3310 illa
166 3258 359 3328 argumenta
382 3257 474 3325 putat
498 3249 675 3308 infirmari?
721 3267 796 3308 nam
819 3257 855 3308 ut
879 3251 1056 3308 concedam
1081 3251 1205 3310 Cicero-

85 3376 160 3419 nem
196 3361 339 3435 cogitare
370 3359 410 3415 dc
434 3358 617 3415 Aristotelis
642 3358 876 3427 acroamaticis,
910 3359 1030 3432 quippe
1055 3375 1138 3431 quae
1164 3361 1205 3418 de

85 3470 140 3525 fin.
157 3469 185 3527 V
201 3463 241 3524 12
258 3468 299 3524 ab
316 3465 489 3523 exotericis
511 3464 700 3541 distinguat,
727 3466 845 3523 seimus
862 3466 985 3539 opinor,
1009 3466 1096 3523 unde
1113 3467 1205 3524 illam

87 3576 256 3633 scientiam
280 3575 408 3631 habeat.

193 3682 323 3741 Tertius
347 3686 395 3739 est
419 3680 612 3749 Demetrius,
650 3685 764 3740 auctor
792 3681 867 3738 libri
892 3675 963 3753 περὶ
987 3673 1205 3753 annevasca.

193 3961 207 3993 ¹*
227 3961 348 4014 Dudum
370 3959 524 4031 cognitum
544 3966 596 4028 cst,
617 3975 707 4030 quam
727 3974 826 4030 pauca
846 3976 884 4015 ex
897 3957 1066 4014 Aristotelis
1080 3955 1202 4030 Topicis

86 4050 277 4119 reperiantur
296 4052 327 4102 in
347 4048 505 4118 Ciceronc3
525 4052 562 4103 cf.
581 4050 608 4104 J.
622 4049 754 4118 Mueller,
774 4050 1068 4104 Jahresberichtfiir
1082 4049 1204 4104 dFort·

85 4141 207 4196 schritte
227 4141 280 4193 der
299 4141 388 4193 klass.
408 4138 648 4193 Altcrtumswiss
669 4141 745 4193 1880.
766 4140 856 4207 2218
876 4156 918 4207 sq.

191 4228 222 4261 *³³
242 4229 320 4294 Quin
339 4228 509 4283 Demetrius
534 4235 604 4282 ante
628 4230 756 4298 primum
784 4235 852 4298 post
871 4228 937 4282 Chr.
957 4229 1112 4283 saeculum
1138 4244 1201 4282 non
