2594 5174
603 316 761 369 „22ss

126 496 184 558 οὐκ
207 496 382 574 ἐπιχωρίως
407 498 613 575 ςφαιρίςαντα
642 497 863 575 ἑμαςτίγωςεν·
887 496 992 579 τούτῳ
1015 498 1076 575 γὰρ
1106 499 1251 562 αὐτόθεν
1283 526 1295 575 .·

125 608 223 686 μικρῷ
246 602 436 681 ἀκουςθῆναι
459 603 527 666 ὄντι
544 604 823 687 ἐπιτραγῳδοῡμεν
839 604 882 666 ὡς
904 605 934 666 οἱ
950 603 989 666 τὰ
1005 605 1098 682 μικρὰ
1114 605 1249 683 πονηρὰ

126 709 180 786 ἔθη
205 710 319 773 ἐῶντες
344 710 423 774 ὁδὸν
452 715 518 774 τοῖς
543 711 657 789 μείῑοςι
681 715 834 789 πονηροῖς
851 709 1082 786 ἀνοιγνύουςιν.
1118 713 1170 774 καὶ
1195 711 1250 776 ὅτι
1292 714 1295 765 ἶ

25 810 29 821 '
125 816 176 879 ἐπὶ
205 820 272 880 τοῖς
296 822 449 895 μικροῖς
482 819 783 896 παρανομήματι
812 819 871 896 χρὴ
901 817 1046 883 κολάζειν
1076 821 1249 896 μάλλον,

125 923 184 986 οὐκ
207 924 258 987 ἐπὶ
281 928 347 987 τοῖς
372 924 532 1002 μεγάλοις·
580 926 630 987 καῖ
653 926 711 1002 τὴν
735 925 907 1002 παροιμίαν
931 924 1119 1003 ἑποίςομεν1
1143 924 1248 1004 ἀρχὴ

126 1031 166 1093 δέ
189 1051 249 1093 τοι
279 1031 392 1109 ἥμιςυ
421 1032 583 1107 παντός,
613 1032 656 1094 ὡς
686 1032 827 1095 ἐοικυῖαν
856 1035 952 1094 τοῦτο
981 1032 1118 1115 (μικρῷ2
1148 1039 1249 1117 κακῷ.

125 1138 143 1215 ἢ
168 1138 219 1200 καὶ
242 1136 291 1201 ὅτι
314 1138 410 1201 οὐδὲν
434 1140 531 1202 κακὸν
555 1139 666 1216 μικράν
690 1139 779 1202 ἐςτιν.
826 1145 883 1201 illa
911 1162 928 1202 ο
956 1145 1063 1203 medio
1091 1144 1249 1219 Peripate

126 1251 203 1307 oriri
216 1251 391 1308 edocemur
402 1250 585 1309 Aristotelis
598 1251 808 1309 Politieorum
820 1251 909 1320 loeis,
926 1245 1010 1308 1303
1027 1251 1045 1308 b
1059 1245 1116 1309 ⁶26:
1130 1246 1249 1324 διόπερ

125 1350 312 1429 ἀρχομένων
333 1351 532 1430 εὐλαβεῖςθαι
556 1356 605 1415 δεῖ
620 1355 686 1415 τῶν
702 1351 857 1415 τοιούτων
873 1354 924 1414 καὶ
941 1351 1082 1416 διαλύειν
1105 1352 1162 1415 τὰς
1180 1357 1250 1418 τῶν
1287 1430 1295 1449 .

123 1458 290 1536 ἡγεμόνων
313 1459 364 1521 καὶ
394 1459 581 1537 δυναμένων
604 1457 737 1522 ςτάςεις·
785 1459 819 1521 ἐν
849 1457 930 1541 ἀρχῇ
965 1458 1025 1535 γὰρ
1055 1459 1176 1534 γίνεται
1206 1461 1248 1524 τὸ

124 1566 339 1644 άμάρτημα,ἡ
364 1563 391 1629 δ’
409 1565 507 1644 ἀρχὴ
531 1567 688 1642 λέγεται
712 1566 823 1644 ἥμιςυ
848 1564 951 1629 εἶναι
975 1565 1137 1640 παντός,
1162 1565 1249 1632 ὥςτε

124 1675 162 1737 τὸ
186 1674 221 1736 ἐν
245 1672 324 1757 αὐτῇ
350 1675 461 1751 μικρὸν
485 1673 653 1751 ἁμάρτημα
676 1671 840 1749 ἀνάλογόν
864 1673 926 1736 ἐςτι
949 1673 1029 1750 πρὸς
1053 1672 1092 1735 τὰ
1116 1672 1150 1736 ἐν
1176 1678 1249 1739 τοῖς

126 1779 235 1844 ἄλλοις
260 1780 390 1858 μέρεςιν.
439 1781 522 1844 1307
540 1787 562 1843 b
579 1780 635 1844 30:
660 1780 695 1843 ἐν
719 1780 775 1857 μὲν
799 1777 949 1842 οὖντοῖς
979 1777 1015 1842 εὖ
1039 1779 1250 1857 κεκραμέναις

125 1887 296 1951 πολιτείαις
321 1886 425 1964 ὥςπερ
449 1885 529 1950 ἄλλο
553 1909 582 1950 τι
606 1891 654 1950 δεῖ
671 1890 788 1964 τηρεῖν,
812 1884 900 1949 ὅπως
924 1887 1045 1962 μηδὲν
1069 1906 1249 1963 παρανο-

126 1999 219 2073 μιῖιςι
248 1995 310 2075 καῖ
334 1989 498 2080 μάλιςτζα
521 1995 564 2057 τὸ
600 1995 738 2072 μικρὸν
773 1992 960 2072 φυλάττειν·
1007 1992 1158 2057 λανθάνει
1183 1995 1249 2075 γὰρ

125 2101 333 2167 ὑπειςδύουςα
346 2102 365 2179 ἡ
379 2102 568 2180 παρανομία.
592 2138 635 2145 -
659 2107 800 2180 denique
815 2107 918 2164 verbo
934 2084 1059 2176 moneo,
1077 2123 1162 2179 quae
1182 2103 1250 2168 120

126 2217 166 2274 de
191 2216 308 2273 deeoro
333 2220 408 2273 sunt
432 2215 530 2284 dieta,
555 2231 594 2272 ea
618 2230 750 2288 prorsus
766 2215 876 2271 faeere
901 2229 975 2271 eum
991 2213 1090 2275 Arist.
1115 2220 1177 2272 art.
1196 2217 1249 2275 rh.
1273 2252 1276 2257 ·

126 2317 210 2381 1408
228 2339 247 2378 a
265 2317 316 2392 10,
342 2338 425 2394 quae
451 2316 515 2378 124
539 2338 597 2397 sq„
623 2337 697 2378 eum
721 2326 780 2378 art.
806 2322 854 2378 rh.
881 2314 966 2378 1413
984 2337 1003 2378 a
1022 2315 1062 2378 19
1081 2337 1128 2394 sq.

232 2440 399 2518 Χαρακτὴρ
422 2439 596 2517 γλαφυρός.
642 2446 667 2502 l.
703 2459 775 2517 περι
799 2439 945 2516 χαρίτων

230 2571 272 2629 ll
309 2572 349 2628 de
372 2572 483 2628 veihis
518 2564 873 2643 (173-17.8)ι]ιιιιιιι
898 2571 939 2628 de
974 2572 1151 2630 verborum
1176 2540 1246 2646 pul-

114 2680 208 2736 ·ehrit
209 2679 309 2737 udine
338 2678 432 2735 affeit
456 2677 679 2751 Theophrasti.
700 2678 931 2747 definitionem,
960 2694 1000 2736 ea
1024 2679 1166 2752 abipso
1192 2681 1247 2739 de·

124 2803 212 2844 mum
235 2786 269 2844 in
284 2787 371 2844 hune
388 2802 548 2843 conexum
564 2787 631 2843 leta
647 2790 710 2843 est:
735 2779 870 2857 ὡρίςατο
893 2779 921 2842 δ’
939 2779 1020 2843 αὐτὰ
1037 2781 1247 2859 Θεόφραςτος

125 2885 240 2951 οὕτως·
275 2888 391 2952 κάλλος
416 2887 574 2965 ὀνόματός
598 2888 660 2950 ἐςτι
682 2888 720 2950 τὸ
742 2888 822 2966 πρὸς
846 2889 904 2965 τὴν
921 2885 1021 2965 ἀκοὴν
1045 2889 1064 2966 ἢ
1088 2888 1167 2966 πρὸς
1185 2891 1246 2971 τὴν

125 2994 202 3073 ὄψιν
224 2995 285 3072 ἡδὺ
309 2997 328 3073 ἢ
353 2995 409 3079 [τά
434 2994 552 3077 delevi]
576 3001 612 3079 τῇ
638 2995 764 3077 διανοίᾳ
787 2994 921 3072 ἔντιμον.
960 3002 1075 3060 ultime
1098 3019 1163 3060 non
1187 3004 1246 3063 mi·

124 3125 185 3167 nus
209 3109 252 3166 ed
281 3109 453 3167 sublimem
483 3125 580 3182 quam
609 3110 652 3166 ad
681 3110 865 3185 elegantem
894 3110 1116 3167 characterem
1139 3141 1184 3149 —-
1208 3120 1246 3171 ut

125 3222 251 3273 taceam
280 3216 320 3273 de
343 3217 451 3273 medio
474 3246 519 3254 —
543 3222 690 3289 spectare
718 3217 791 3274 luce
821 3222 870 3274 est
893 3217 1028 3288 elarius;
1058 3217 1246 3292 Theophra-

126 3328 193 3381 stus
217 3323 318 3398 igitur
340 3323 375 3380 in
398 3324 459 3380 hoe
481 3323 723 3397 compositionis
747 3339 867 3398 genere
891 3324 1054 3381 monuisse
1078 3326 1245 3397 putandus

125 3436 174 3487 est
196 3429 299 3488 verbe
322 3431 459 3503 pulchra
483 3446 553 3487 esse
578 3429 776 3499 adhibenda,
801 3430 946 3487 definitio
971 3436 1079 3488 autem
1103 3431 1244 3504 pulchri-

125 3537 248 3595 tudinis
271 3537 318 3593 ibi
342 3537 383 3593 ab
408 3553 445 3593 eo
475 3537 552 3593 data
580 3543 659 3606 erat,
689 3537 747 3594 ubi
776 3537 843 3612 egit
871 3536 911 3593 de
939 3538 1115 3595 verborum
1143 3538 1245 3598 virtu·

125 3645 223 3702 tibus.
246 3674 291 3682 —-
316 3637 394 3701 176:
419 3637 506 3716 παρὰ
523 3639 558 3700 δὲ
573 3641 640 3700 τοῖς
665 3641 822 3715 μουςικοῖς
840 3637 963 3714 λέγεταί
986 3660 1014 3701 τι
1036 3636 1138 3717 ὄνομα
1155 3642 1243 3705 λεῖον

234 3885 244 3922 1
264 3887 341 3940 eod:
361 3886 540 3952 ἐποιηςάμην,
561 3885 721 3941 Schenklio
741 3890 830 3954 teste3
851 3901 905 3940 em.
925 3887 1169 3941 Hemsterhusius

232 3974 244 4011 ²
263 3978 306 4030 sie
320 3977 383 4030 eod.
398 3976 491 4029 Paris.
505 3992 543 4028 m.
563 3992 620 4044 ρας
639 3976 734 4043 τούτῳ
745 3980 786 4042 τῷ
797 3981 900 4044 (μικρῷ
914 3993 951 4029 m.
965 3977 1029 4044 alt.;
1050 3975 1243 4032 Schenklius:

126 4068 216 4120 οὕτως
236 4072 337 4134 μικριῑρς
367 4082 425 4135 ego
443 4081 505 4118 non
525 4065 663 4134 expedi0‚
691 4065 821 4118 forta-sse
840 4080 946 4119 sensus
972 4065 1143 4134 postulatur
1161 4067 1243 4120 idem

127 4159 177 4226 qui
197 4155 285 4210 Arist.
305 4157 367 4210 Pol.
387 4155 457 4209 1303
476 4156 495 4208 b
515 4155 563 4208 30:
593 4157 632 4208 ως
657 4153 777 4207 ἐοικυίας
796 4157 847 4220 τῆς
869 4155 955 4221 ἀρχῆς
974 4161 1067 4208 ’τοῦτο
1089 4155 1137 4224 [se.
1159 4157 1242 4223 quod

127 4247 233 4302 attinet
251 4247 291 4301 ad
309 4247 342 4300 τὸ
362 4247 444 4312 ἥμιςυ
464 4246 535 4298 εῖναι
553 4243 668 4312 παντός]
694 4249 796 4312 ςμικρῷ
817 4250 894 4314 κακῷ
