2654 5226
572 757 748 812 ..13..

102 947 176 1004 drat
210 947 243 1004 in
272 945 553 1027 compositionem:
590 946 667 1018 quia
690 945 854 1019 perfectus
878 951 986 1001 orator
1008 943 1111 1003 mixto
1136 958 1218 1002 com-

102 1054 272 1129 positionis
295 1069 415 1129 genere
439 1054 551 1122 utitur,
576 1051 723 1111 Ciceroni
747 1068 828 1126 opus
850 1068 915 1109 non
940 1058 1010 1109 erat
1033 1052 1066 1108 in
1083 1049 1217 1109 Oratore

102 1177 160 1219 suo
197 1161 383 1218 describere
407 1152 549 1216 εύνθεειν
573 1152 732 1231 αὐετηρὰν
756 1164 789 1216 et
812 1151 990 1231 γλαφυράν.
1037 1174 1106 1215 rem
1130 1173 1220 1231 aper-

101 1269 259 1325 tissimam
284 1268 416 1341 insuper
440 1265 603 1325 Ciceronis
632 1266 741 1324 verbis
765 1266 945 1323 illustrabo
991 1258 1050 1323 37:
1091 1257 1219 1323 “lauda-

102 1376 225 1434 tionum
250 1367 483 1449 [scriptionum
502 1374 564 1430 del.
582 1365 754 1449 Sauppius]
779 1379 811 1430 ct
834 1373 1041 1430 historiarum
1058 1379 1090 1430 ct
1106 1372 1219 1429 talium

102 1483 298 1549 suasionum,
334 1482 463 1554 qualem
491 1481 651 1540 Isocrates
686 1480 764 1537 fecit
786 1479 1026 1555 Panegyricum
1061 1479 1218 1552 multique

102 1590 157 1646 alii
182 1589 236 1662 qui
261 1594 335 1646 sunt
358 1588 515 1645 nominati
540 1588 711 1662 sophistae,
743 1588 1006 1660 reliquarumque
1027 1603 1136 1644 rerum
1158 1587 1219 1643 for-

102 1713 198 1765 mam,
235 1713 318 1768 quae
352 1697 470 1753 absunt
505 1713 524 1752 a
559 1695 679 1752 forensi
714 1695 929 1763 contentione,
960 1695 1093 1767 eiusque
1122 1694 1220 1751 totius
1276 1718 1281 1731 ·

103 1803 242 1878 generis,
267 1803 354 1876 quod
371 1801 494 1861 Graece
519 1795 727 1859 ἐπιδεικτικὸν
751 1802 944 1867 nominatur,
969 1802 1044 1874 quia
1069 1801 1161 1874 quasi
1178 1801 1221 1857 ad

103 1911 341 1983 inspiciendum
359 1910 584 1967 delectationis
608 1924 707 1966 eausa
730 1914 952 1982 comparatum
974 1916 1031 1977 est,
1056 1925 1121 1966 non
1138 1925 1220 1966 conr·

84 1990 228 2091 ¹plectar
251 2018 311 2075 hoc
335 2023 488 2090 tempore.
513 2047 557 2054 -
579 2010 633 2073 lo.
655 2006 846 2075 (isocrates)
867 2016 990 2089 primus
1014 2016 1152 2073 instituit
1177 2015 1221 2072 di·

104 2126 205 2182 latare
229 2125 339 2181 verbis
363 2130 395 2182 et
418 2124 619 2181 mollioribus
642 2124 786 2181 numeris
810 2124 942 2197 explere
968 2123 1153 2181 sententias
1178 2153 1221 2161 -

103 2226 156 2289 42.
182 2233 276 2290 dulce
301 2230 402 2306 igitur
425 2231 580 2288 orationis
604 2247 707 2306 genus
731 2237 763 2288 et
786 2230 889 2289 fluens
914 2225 1081 2303 (Orellius3
1108 2230 1219 2288 codd:

104 2335 253 2412 effluens)
288 2339 456 2397 sententiis
492 2344 643 2414 argutum
671 2338 782 2395 uerbis
807 2354 925 2395 sonans
949 2338 1054 2395 estin
1079 2338 1133 2415 illp
1158 2338 1222 2411 epi·

105 2447 223 2504 elictieo
240 2462 370 2521 genere,
395 2446 482 2518 quod
499 2446 641 2503 diximus
657 2447 824 2519 proprium
841 2446 1067 2519 sophistarum,
1085 2461 1221 2518 pompae
1265 2494 1269 2499 .

106 2569 204 2626 quam
228 2570 357 2629 pugnae
381 2554 538 2627 aptiae..
559 2596 565 2610 .
591 2559 735 2627 spretum
759 2559 792 2610 et
815 2554 943 2626 pulsum
968 2544 1068 2610 foro.''
1107 2552 1221 2626 repelli

104 2661 206 2737 igitur
234 2661 330 2718 etiam
359 2655 530 2718 ευνθέεεαιε
560 2658 742 2732 χαρακτῆρα
765 2655 934 2733 γλαφυρὸν
958 2661 1035 2716 satis
1060 2660 1222 2734 significat

105 2768 231 2841 Cicero;
268 2774 300 2826 et
323 2761 480 2840 αὐετηρὸν
516 2768 657 2837 excludi,
695 2768 809 2836 exiis,
845 2784 929 2840 quae
953 2768 993 2824 de
1017 2766 1221 2840 Thucydidis

106 2876 337 2949 compositione
354 2876 502 2951 legimus
527 2881 672 2949 apparet.
708 2869 789 2932 234:
815 2866 867 2932 “in
891 2874 1085 2948 Thucydide
1109 2874 1220 2931 orbem

106 2983 201 3041 modo
225 2983 380 3041 orationis
398 2983 556 3050 desidero,
582 2988 771 3040 ornamenta
787 2974 1005 3056 comparent.''
1045 2976 1103 3042 32:
1128 2973 1221 3039 “cum

106 3090 221 3148 mutila
256 3090 416 3163 quaedam
451 3095 483 3147 et
518 3090 642 3147 hiantia
676 3090 775 3147 locuti
811 3096 885 3146 sunt
902 3132 909 3146 .
929 3131 960 3146 ..
986 3105 1157 3165 germanos
1187 3104 1221 3146 sc

106 3202 221 3270 putant
245 3213 315 3255 esse
339 3189 582 3271 Thucydidas''
617 3191 676 3254 40:
707 3189 937 3271 “Thucydides
959 3188 1110 3258 <Isocrati
1134 3196 1223 3253 vidc-

107 3292 222 3368 batur>
241 3305 445 3379 praefractus
469 3321 530 3362 nec
554 3304 632 3362 satia
656 3311 691 3364 ut
715 3305 760 3362 ita
785 3296 1103 3364 dicam1·otundus.”

108 3549 158 3613 μὲν
177 3548 293 3602 οὐδενὸς
313 3542 531 3615 ἀποφηνάμενοι
550 3549 616 3601 οὔτε
635 3552 811 3615 χαρακτῆρα(
829 3546 892 3602 οὔτ’
913 3547 1013 3614 ἀνδρὸς
1032 3548 1161 3614 Ζηλωτὴν
1180 3561 1224 3612 γε·

106 3639 207 3704 νὲεθαι,
229 3638 256 3692 ἐξ
271 3639 405 3691 ἁπάντων
419 3640 449 3691 δὲ
462 3639 498 3691 τὰ
509 3639 639 3704 κράτιετα
653 3639 834 3702 ἐκλεξάμενον
854 3679 859 3690 .
881 3679 886 3691 .
907 3678 912 3690 .
933 3639 1090 3703 διελόμενοι
1110 3639 1160 3703 μὲν
1172 3639 1225 3703 τῆν

106 3728 177 3781 λέξιν
197 3727 235 3780 εἰ(
254 3733 327 3793 τρεῖς
351 3731 528 3793 χαρακτῆρα(
551 3730 618 3780 τοὺ(
636 3728 851 3794 γενικωτάτουε,
881 3729 980 3781 τόντε
1000 3727 1090 3791 ἰτχνόν
1110 3730 1154 3779 καὶ
1174 3728 1225 3780 τὸν

37 3820 40 3827 ’
106 3818 218 3883 ὑψηλὸν
229 3819 273 3869 καὶ
286 3818 337 3870 τὸν
356 3819 456 3882 μεταξὺ
475 3819 596 3885 τούτων,
616 3818 783 3871 ἀποδεικνὺς
803 3817 830 3869 δ’
850 3818 937 3870 αὐτὸν
957 3818 986 3870 ἐν
1004 3822 1063 3870 roi(
1079 3818 1147 3883 τριεὶ
1160 3833 1224 3870 κατ-

107 3909 247 3972 ορθοῦντα
265 3911 324 3958 τῶν
348 3907 441 3959 ἄλλων
467 3904 580 3971 μάλιετα
601 3909 712 3959 κτλ-
733 3907 814 3975 quod
835 3905 938 3961 Cicero
958 3923 1019 3959 non
1039 3905 1223 3959 adverbum

108 3997 256 4049 consentit
276 4011 343 4048 cunr
363 3995 518 4064 Dionysio,
538 3997 708 4050 necessario
732 3997 868 4064 sequitur
888 4012 904 4048 e
924 3997 966 4048 rei
986 4000 1110 4048 natura:
1130 3995 1224 4048 Theo-

108 4086 248 4154 phrastus
267 4087 297 4138 in
317 4087 492 4140 universum
506 4087 683 4139 elocutionis
697 4100 812 4155 genera
829 4090 982 4152 tractarat,
1003 4083 1107 4139 Cicero
1128 4091 1225 4138 orato·

108 4190 156 4228 res
175 4179 293 4227 tantum
313 4180 341 4228 et
361 4191 412 4229 eos
433 4176 562 4243 quidem,
584 4176 635 4243 qui
655 4176 686 4227 in
706 4176 772 4228 foro
793 4175 953 4243 causisque
973 4174 1111 4227 civilibus
1124 4189 1224 4227 versa-

107 4268 220 4328 rentur,
240 4265 395 4333 spectavit.
433 4280 505 4317 num
525 4270 683 4333 practerea
702 4263 893 4317 interdictum
912 4268 977 4316 erat
991 4261 1136 4329 Ciceroni,
1157 4278 1224 4316 cum

109 4354 284 4421 praesertim
311 4353 393 4406 aliud
422 4354 579 4407 consilium
609 4356 795 4421 sequeretur,
826 4354 914 4406 etiarn
935 4351 973 4405 de
995 4367 1049 4406 suo
1075 4351 1224 4420 quaedam

109 4442 240 4496 addere?
269 4440 446 4495 Ammonem
466 4443 522 4505 (De
536 4442 674 4511 Dionysii
694 4444 788 4509 t'ontt.‚
808 4441 943 4496 Monaeh.
964 4441 1041 4495 1889.
1057 4458 1083 4510 ρ.
1099 4441 1152 4507 56),
1173 4442 1224 4509 qui

110 4529 260 4584 Ciceronis
279 4531 430 4585 mediocre
451 4536 603 4584 oratorum
623 4546 721 4600 genus
738 4532 869 4583 maxime
882 4531 1028 4583 accedere
1042 4531 1113 4583 dicit
1127 4530 1166 4582 ad
1184 4529 1224 4597 id,

110 4620 191 4687 quod
211 4619 374 4688 Dionysius
394 4621 424 4672 in
444 4622 659 4689 compositione
679 4619 755 4684 (sici)
775 4621 921 4687 γλαφυρὸν
941 4620 1071 4686 vocavit,
1091 4622 1224 4672 relutare

109 4723 372 4777 srrpervacancum
393 4714 445 4763 est.
