2654 5226
569 728 725 786 -31-

85 909 197 978 ἄλλων
221 911 351 978 ἕκαετον
375 912 504 992 μορίων.
528 919 672 977 -mihi
696 919 798 996 igitur
820 924 979 977 tractatus
1002 911 1073 989 περὶ
1090 909 1204 976 λέξεωε

86 1028 261 1085 exordium
284 1029 326 1085 ab
356 1028 446 1085 initio
477 1028 541 1085 tale
571 1027 587 1084 f
595 1043 640 1084 er
650 1044 667 1083 e
691 1027 822 1084 videtur
846 1026 961 1084 fuisse:
997 1019 1055 1082 οὐκ
1078 1018 1204 1097 ἀπόχρη

86 1128 125 1192 τὸ
150 1127 234 1207 ἔχειν
258 1128 277 1190 ἃ
302 1132 350 1192 δεῖ
373 1128 484 1204 λέγειν,
517 1126 587 1190 ἀλλ’
612 1126 733 1204 ἀνάγκη
760 1127 933 1190 καὶταῦτα
957 1125 1000 1190 ὼε
1025 1129 1073 1189 δεῖ
1096 1125 1205 1200 εἰπεῖν,

87 1236 139 1299 καὶ
163 1234 372 1314 ευμβάλλεται
396 1235 501 1298 πολλὰ
525 1235 604 1312 πρὸ(
628 1235 665 1297 τὸ
695 1238 836 1313 φανῆναι
859 1234 954 1297 ποιόν
978 1254 1048 1297 τινα
1071 1233 1129 1296 τὸν
1153 1231 1205 1295 λό-

87 1363 156 1419 γον.
202 1344 239 1406 τὸ
264 1344 321 1421 μὲν
345 1341 403 1405 οὖν
427 1345 557 1420 πρῶτον
574 1341 706 1419 ἐζητήθη
732 1345 811 1404 κτλῑ
837 1339 1089 1421 “primumcum
1108 1345 1207 1402 homi-

87 1472 147 1513 nes
180 1456 361 1538 coepissont
394 1456 427 1512 in
461 1456 518 1512 has
552 1470 603 1512 res
635 1455 818 1529 anquirere,
855 1459 1047 1530 argumenta
1080 1458 1207 1511 tantum

88 1568 328 1633 tractaverunt3
365 1578 452 1620 nunc
474 1593 519 1599 —-
542 1577 602 1619 nec
626 1562 661 1618 id
684 1561 816 1634 quidem
831 1561 897 1624 ¹diu
926 1561 1129 1629 studuerunt,
1163 1560 1205 1617 cf.

90 1663 177 1726 1403
202 1670 222 1727 b
247 1663 289 1726 36
313 1699 356 1708 -
381 1669 478 1726 etiam
513 1669 650 1726 elocutio
681 1669 722 1726 ab
747 1669 865 1726 artium
889 1666 1101 1741 scriptoribus
1125 1672 1207 1724 trac-

86 1782 191 1849 tatur3
216 1792 322 1849 nequo
345 1792 423 1833 vcro
448 1776 555 1834 adhue
578 1776 750 1849 quisquam
774 1765 1147 1832 tractavitactioue1n.”

197 1881 266 1956 Quo
302 1890 447 1957 temporo
483 1883 609 1941 duobus
639 1883 717 1940 artis
741 1882 955 1940 Aristotcleae
978 1882 1071 1939 libris
1095 1882 1207 1957 agglu-

86 1990 184 2048 tinati
220 1991 285 2047 sint
320 1996 478 2047 tractatus
513 1985 584 2061 περὶ
614 1984 728 2049 λέξεωε
759 1995 791 2047 et
814 1985 885 2061 περὶ
908 1981 1035 2057 τάξεως,
1070 1988 1206 2046 forsitan

86 2098 191 2171 possit
225 2098 333 2155 statui.
382 2103 468 2155 certe
504 2103 579 2154 ante
614 2097 762 2170 Dionysii
796 2096 869 2154 Hal.
906 2096 1026 2170 scripta
1052 2096 1126 2165 duc,
1166 2096 1207 2153 de

88 2220 195 2279 comp.
231 2198 273 2262 25
309 2211 341 2262 et
376 2206 418 2262 ad
445 2205 550 2262 Amm.
587 2206 680 2279 epist.
716 2206 741 2275 l,
778 2205 982 2263 remittimur.
1029 2203 1207 2281 Hermippo

89 2317 200 2369 autem
234 2312 379 2370 nondum
414 2318 543 2385 praesto
578 2317 649 2369 erat
681 2312 779 2370 trium
808 2312 966 2370 librorum
990 2328 1053 2368 ars.
1100 2327 1207 2368 noune
1284 2373 1293 2397 ἣ

87 2420 175 2476 ultro
199 2435 233 2476 se
257 2419 351 2477 offert
374 2419 515 2493 suspicio
539 2420 637 2477 trium
661 2418 819 2478 librorum
835 2425 939 2476 artem
956 2418 1068 2476 deberi
1085 2418 1208 2475 Andro-

88 2523 185 2583 nico?
225 2527 336 2598 quinto
372 2526 486 2599 opinor
521 2526 678 2583 decennio
714 2530 885 2599 postquam
908 2525 1042 2583 Romam
1071 2542 1090 2582 a
1119 2524 1208 2583 Sulla

89 2633 191 2690 allata
214 2639 262 2690 est
286 2625 487 2690 “Aristotelis
511 2632 791 2707 Theophrastique
814 2625 1031 2690 bibliotheca'’
1046 2648 1207 2705 -neque

90 2740 178 2797 enim
212 2756 343 2814 possum
379 2740 512 2798 credere
537 2740 764 2798 eornmonticia
788 2756 858 2797 esse
882 2740 1023 2809 omnia,
1059 2756 1142 2813 quae
1167 2739 1207 2796 de

19 2918 25 2929 ¹
90 2847 140 2905 his
164 2847 285 2905 tradita
309 2854 383 2905 sunt
406 2877 450 2885 -
473 2847 710 2917 Androrricusi‘,
735 2852 771 2905 ut
787 2847 967 2906 rhetoricae
984 2863 1112 2920 quoque
1129 2847 1208 2903 artis

89 2954 304 3012 Aristoteleae
328 2960 436 3028 partes
460 2955 494 3013 in
517 2971 616 3012 unam
640 2954 856 3030 pragmatiam
879 2955 1026 3023 referret,
1055 2970 1129 3011 cum
1153 2950 1234 3010 illa'

89 3077 189 3135 quam
212 3061 338 3118 invenit
362 3062 499 3119 duorum
524 3061 680 3120 librorum
704 3066 774 3119 arte
801 3062 1039 3137 conglutinavit
1069 3062 1132 3119 duo
1155 3076 1209 3117 ro-

88 3167 214 3225 lumlna
248 3169 373 3226 minora
407 3168 440 3225 in
476 3169 590 3226 eodem
624 3169 680 3254 illo
707 3168 865 3226 librorum
888 3169 1040 3226 thesauro
1064 3168 1207 3238 inventa,

89 3276 239 3334 ordinem
274 3282 413 3347 secutus
450 3277 580 3350 qualem
614 3282 772 3335 tractatus
802 3271 874 3348 περὶ
898 3270 1011 3335 λέξεωε
1036 3275 1207 3334 exordium

88 3383 249 3458 praebere
278 3384 468 3441 videbatur:
504 3383 607 3457 primo
642 3384 713 3441 loco
743 3385 851 3458 posuit
875 3384 955 3442 duos
978 3378 1050 3455 περὶ
1073 3377 1209 3441 πίετεων

87 3491 202 3560 libros,
227 3490 328 3548 altero
341 3485 413 3563 περὶ
426 3485 540 3551 λέξεωε
553 3496 737 3560 tractatum,
762 3491 867 3560 tertio,
893 3507 967 3549 cum
983 3507 1047 3548 non
1064 3480 1209 3549 exstaret

88 3597 176 3655 inter
200 3597 384 3655 Aristotelis
419 3597 541 3671 scripta
564 3598 648 3655 liber
671 3593 742 3670 περὶ
766 3592 969 3670 ὑποκρίεεωε,
1004 3614 1078 3656 eum
1102 3597 1209 3672 posuit

89 3704 148 3776 qui
172 3704 205 3760 in
229 3704 290 3761 hac
314 3704 524 3777 dispositione
542 3703 668 3762 deerat:
693 3699 765 3776 περὶ
781 3697 908 3765 τάξεως.
945 3711 980 3764 ut
998 3705 1210 3781 coniungeret

91 3920 305 3928 ...ψ-...-

201 4041 381 4112 *Porphyn
401 4044 452 4097 vit.
473 4042 584 4097 Plotini
605 4058 628 4096 c.
648 4042 695 4096 24:
716 4083 722 4096 .
746 4082 751 4095 .
772 4083 778 4096 .
797 4043 833 4096 τὰ
854 4043 1036 4112 <Πλωτίνοα>
1064 4042 1151 4109 βιβλία
1175 4044 1209 4097 οὐ

92 4132 164 4186 κατὰ
177 4134 296 4199 χρόνους
309 4134 385 4186 tacui
398 4134 510 4199 φύρδην
523 4133 692 4197 ἐκδεδομένα
705 4132 860 4199 ruinarum,
876 4134 1061 4199 μιμηεάμενοε
1075 4133 1099 4186 δ’
1112 4134 1209 4186 Ἀπολ·
1285 4154 1292 4169 ·

91 4224 222 4289 λόδωρον
239 4224 290 4275 τὸν
309 4223 459 4288 Ἀθηναῖον
476 4224 521 4275 καλ
541 4223 719 4288 Ἀνδρόνικον
739 4223 790 4275 τὸν
809 4223 1044 4289 Περιπατητικόν,
1065 4223 1106 4274 ὧν
1125 4224 1140 4275 ὁ
1160 4224 1210 4287 μὲν

91 4311 259 4378 Ἐπίχαρμον
282 4313 334 4364 τὸν
357 4311 602 4381 κωμῳδιογράφον
621 4312 659 4365 εἰ(
679 4312 745 4364 δέκα
764 4313 869 4377 τόμον(
889 4312 987 4379 φέρων
1010 4312 1173 4379 (υνήγαγεν,
1193 4313 1209 4364 ὁ

92 4402 124 4454 δὲ
142 4402 178 4454 τὰ
195 4396 405 4467 Ἀριετοτέλοαε
430 4403 475 4453 καὶ
494 4402 676 4468 Θεοφράετοα
697 4401 735 4454 εἰ(
763 4400 954 4468 πραγματεία(
978 4403 1069 4468 διεῖλε,
1097 4402 1147 4454 τὰ(
1171 4401 1209 4454 οἰ-

57 4534 63 4545 .
93 4490 169 4545 uelo(
187 4491 331 4543 ὑποθέεειε
350 4490 388 4543 εἰ(
407 4491 512 4543 ταύτὸν
532 4492 697 4555 ευναγαγών
716 4493 773 4544 κτλ.
794 4521 826 4526 -
847 4491 906 4542 iam
923 4489 1077 4558 Tyrannio
1097 4490 1210 4559 publici

92 4581 167 4633 iuris
192 4580 307 4633 iecerat
332 4580 424 4632 libros
445 4577 649 4647 Aristoteleos,
678 4581 865 4649 pragmatius
890 4584 991 4633 autern
1016 4580 1150 4633 nondum
1171 4580 1209 4632 ab

93 4684 129 4723 eo
149 4670 331 4739 compositas
350 4670 444 4722 fuisse
463 4668 517 4723 sed
537 4670 575 4722 ab
595 4667 768 4722 Andronico
789 4668 910 4722 demum
930 4674 1044 4723 certum
1066 4670 1152 4723 duco.
