2594 5174
595 298 769 352 „42-

125 490 231 559 potest
263 503 283 543 a
310 486 531 560 Theophrasto
565 487 699 544 omissas
732 502 802 544 esse
835 491 901 544 tres
934 486 1016 556 illas,
1053 480 1244 558 ἑλληνιεμὸν

127 593 195 650 sive
219 587 420 665 καθαρότητα
442 590 560 667 (sermo
583 610 684 667 purus
712 599 744 651 et
771 589 912 666 latinus),
948 588 1125 665 (αφήνειαν
1148 590 1244 666 (dilu-

126 700 198 757 cide
221 696 402 774 planeque),
427 695 464 757 τὸ
488 695 612 773 πρέπον
634 697 727 774 (quid
743 696 891 773 deceat)?
915 701 1100 774 quodcum
1124 717 1183 774 per
1208 718 1244 759 se

125 812 244 880 pateat,
275 812 344 865 tum
367 823 444 865 vero
469 809 634 883 colligitur
657 808 791 866 etrium
816 808 947 865 testium
971 824 1146 866 consensu:
1171 807 1244 875 Ari·

125 914 265 983 stotcles
290 913 411 984 (licere,
436 915 611 989 Dionysius
634 915 739 972 Halic.
765 931 819 972 eas
843 915 1011 988 praebent,
1048 931 1125 990 ergo
1150 931 1244 989 prae-

125 1021 197 1079 buit
213 1022 310 1078 etiam
323 1021 574 1096 Theophrastus.
622 1022 740 1079 deinde
757 1021 963 1079 summissum
979 1038 1093 1096 genus,
1118 1022 1160 1080 de
1177 1039 1244 1095 quo

124 1128 171 1185 ibi
195 1129 312 1204 agitur,
342 1129 430 1186 idem
454 1135 502 1186 est
526 1145 564 1186 ac
587 1128 736 1203 Dionysii
760 1122 881 1200 ἰ(χνόν;
905 1128 1081 1202 Dionysius
1104 1129 1175 1202 ipse
1201 1129 1244 1188 de

124 1235 215 1292 Dem.
240 1229 260 1293 3
284 1237 376 1294 testis
400 1244 448 1294 est
472 1236 730 1310 Theophrastum
760 1252 794 1293 se
823 1235 930 1308 sequi;
966 1252 1045 1293 num
1068 1235 1170 1311 igitur
1194 1234 1243 1295 Ci-

125 1359 209 1412 eero,
235 1359 309 1400 eum
327 1343 527 1401 describeret
543 1346 646 1401 totum
662 1343 816 1400 orationis
833 1358 937 1417 genus
950 1343 1242 1416 Theophrasteum‚

126 1450 262 1507 virtutes
287 1451 450 1519 orationis,
487 1451 605 1523 quibus
635 1451 887 1508 describendum
916 1455 995 1519 erat,
1032 1449 1165 1508 aliunde
1188 1467 1243 1524 pe-

125 1557 214 1614 tiisse
238 1558 402 1630 putandus
426 1556 497 1615 est?
525 1563 593 1615 tum
618 1558 747 1630 qualem
763 1558 952 1615 existimare
969 1558 1125 1615 debemus
1142 1558 1243 1632 scrip-

125 1669 237 1733 torem,
262 1665 318 1737 qui
341 1665 375 1722 in
399 1665 628 1722 enumerandis
651 1665 828 1722 virtutibus
853 1665 933 1722 dicit
956 1670 1022 1722 tres
1039 1665 1080 1721 ab
1097 1664 1242 1722 Isocrate

125 1801 169 1809 -
193 1771 334 1845 exempli
358 1772 465 1846 gratia
488 1772 549 1829 hoc
572 1772 701 1829 nomine
724 1776 798 1829 utor
821 1802 864 1810 —
888 1776 1025 1829 statutas
1049 1771 1164 1829 adesse
1189 1771 1243 1829 de-

126 1878 204 1935 bere
237 1879 406 1936 summisso
440 1879 570 1947 oratori,
605 1895 704 1936 unam
727 1895 746 1936 a
769 1878 992 1952 Theophrasto
1021 1884 1136 1950 quarto
1169 1879 1242 1936 loeo
1289 1918 1293 1923 -

127 1989 280 2042 statutam
310 1985 446 2043 abesse?
492 1991 603 2059 aperte
633 1986 733 2061 igitur
762 1991 915 2058 quattuor
943 1986 1081 2043 virtutes
1111 2001 1130 2042 a
1154 1984 1243 2044 Cice·

126 2109 204 2149 rone
234 2093 352 2149 allatae
376 2093 637 2166 Theophrastcae
667 2097 741 2150 sunt
770 2109 891 2149 omnes.
938 2093 1075 2149 fortasse
1100 2092 1244 2151 Dielsius

127 2199 262 2256 offendit
295 2199 328 2256 in
360 2217 408 2268 ec,
444 2199 532 2272 quod
563 2200 701 2256 virtutes
731 2217 750 2256 a
778 2198 932 2258 Cicerone
961 2199 1146 2257 nominatae
1176 2217 1243 2258 non

127 2310 310 2381 congruunt
334 2323 407 2364 cum
431 2307 480 2376 iis,
515 2323 595 2379 quas
619 2305 784 2379 Simplicio
808 2311 890 2363 teste
914 2305 1156 2380 Theophrastus
1181 2312 1243 2364 sta·

126 2413 197 2470 tuit.
244 2414 313 2486 ipse
338 2414 410 2501 dicp
435 2430 490 2471 eas
512 2430 577 2470 non
601 2428 791 2487 congruere,
815 2412 1008 2487 pracsertim
1032 2428 1106 2470 cum
1130 2430 1148 2470 e
1172 2430 1243 2472 ver-

124 2520 175 2576 bis
207 2521 377 2593 utriusque
411 2521 537 2579 eluceat
569 2537 633 2578 non
667 2521 721 2596 agi
755 2520 795 2577 de
831 2520 946 2577 eadem
981 2536 1016 2577 re
1050 2520 1241 2594 utrobique:

125 2626 236 2686 Cicero
261 2627 341 2689 dicit
369 2620 522 2699 ‘sermo
551 2644 651 2701 purus
674 2628 735 2686 erit
763 2633 795 2685 et
818 2619 963 2697 latinus',
988 2626 1174 2700 Simplicius
1198 2621 1243 2686 ‘ti

124 2730 161 2792 τὸ
185 2730 283 2808 root(
313 2729 348 2793 ἐν
376 2734 470 2793 roric
501 2727 664 2795 iiiect'.
711 2734 779 2792 illic
802 2734 957 2792 orationis
981 2734 1155 2792 continuae
1178 2736 1243 2792 vir-

67 2922 71 2929 *
124 2847 209 2901 tutes
233 2848 425 2912 tractantur,
461 2844 514 2900 hic
537 2843 674 2901 virtutes
704 2843 907 2918 singulorum
934 2844 1120 2912 verborum,
1156 2838 1242 2901 sicut

123 2956 208 3008 totus
232 2951 326 3020 liber,
351 2951 444 3009 cuius
468 2956 696 3026 argumentum
713 2936 898 3024 Simplicius
922 2950 1033 3019 tradit,
1058 2951 1099 3008 de
1115 2950 1156 3007 iis
1173 2958 1242 3008 tan-

123 3064 192 3116 tum
225 3064 283 3127 est,
320 3075 403 3132 quae
435 3058 545 3116 verbis
579 3057 716 3133 singulis
749 3057 913 3115 accidunt.
961 3057 1116 3115 discimus
1140 3057 1243 3134 igitur
1285 3072 1291 3087 ¹

124 3282 198 3320 nera
218 3267 443 3333 Isummissum‚
463 3265 491 3318 Il
510 3267 641 3319 medium
660 3265 738 3318 inter
758 3265 948 3318 summissum
968 3268 997 3317 et
1018 3264 1242 3332 amplissimum,

123 3356 167 3408 ΠΙ
185 3356 317 3424 amplum
337 3357 491 3424 copiosum
510 3371 606 3424 grave
624 3359 764 3408 ornatum
783 3356 808 3417 (i
822 3354 880 3418 ab:
899 3370 1001 3407 nonne
1020 3354 1044 3407 si
1065 3369 1126 3422 qua
1144 3354 1243 3408 virtus

124 3447 281 3500 summisso
301 3447 407 3514 generi
427 3447 520 3511 abest,
551 3445 707 3513 capotius
727 3443 863 3512 putanda
884 3448 929 3496 est
948 3445 1063 3509 abesse,
1093 3458 1172 3511 quae
1191 3459 1243 3513 ge-

123 3537 204 3590 neris
223 3537 354 3588 maxime
379 3536 528 3600 contrarii,
557 3533 730 3602 amplissimi
753 3533 829 3600 dico,
858 3533 981 3601 propria
1001 3537 1055 3599 est,
1085 3548 1177 3600 quarn
1197 3549 1242 3599 ea,

58 3688 63 3700 ι
124 3642 203 3694 quae
222 3625 312 3679 medii
335 3626 413 3678 inter
441 3630 577 3678 extrema
596 3624 677 3677 duo?
706 3628 770 3676 tum
794 3624 976 3676 suavitatem
995 3639 1013 3675 a
1032 3639 1146 3692 genere
1165 3639 1243 3676 surn-

123 3717 213 3769 misso
243 3717 350 3769 abesse
379 3729 466 3767 nemo
498 3714 589 3767 dicet:
620 3713 885 3767 “venustissimum
914 3713 1113 3781 scriptorem'’
1137 3711 1242 3767 Cicero

123 3807 176 3868 (or.
196 3805 241 3868 29)
260 3809 351 3858 vocat
370 3803 501 3872 Lysiam,
522 3804 670 3857 summissi
690 3804 811 3872 generis
829 3807 999 3870 auctorem3
1028 3802 1114 3869 χάρις,
1143 3801 1242 3870 ἡδονή,

123 3894 263 3962 ἀφροδίτη
284 3911 303 3947 a
322 3894 468 3962 Dionysio
488 3893 537 3957 (de
556 3893 626 3961 Lys.
647 3893 688 3945 11.
709 3893 746 3946 de
765 3892 850 3946 Dem.
871 3892 914 3956 13)
935 3892 1032 3946 eidem
1057 3892 1242 3946 tribuuntur.

124 3985 148 4038 si
170 3985 328 4037 scribimus
355 3983 515 4036 “ornatum
534 3982 608 4034 illud
627 3997 723 4050 grave
743 3987 772 4035 et
792 3982 928 4035 afluens”
951 3981 990 4033 ad
1010 3981 1138 4034 verbum
1167 3982 1243 4035 haec

123 4074 308 4142 respondent
334 4073 508 4142 amplissimi
527 4073 648 4141 generis
670 4071 942 4140 significationibus
962 4071 1017 4134 (97)
1036 4069 1176 4139 “amplus
1196 4086 1243 4125 co-

124 4165 227 4232 piosus
247 4165 292 4227 (=
307 4164 433 4227 afluens)
453 4164 557 4232 gravis
578 4161 734 4216 ornatus'’.
754 4160 925 4215 dePideriti
945 4161 1020 4213 mira
1040 4160 1243 4230 exphcatione

130 4258 232 4312 tacere
250 4254 327 4308 licet.
