2654 5226
662 621 820 673 ..6-

179 797 210 860 αἱ
234 797 334 860 ἁπλαῖ
357 798 473 876 φωναί,
497 799 529 863 αῖ
552 800 735 877 ςημαντιιιαῖ
752 802 817 864 τιῖιν
833 799 1036 886 πραγμάτων,
1060 797 1129 865 καθ’
1147 801 1165 864 ὃ
1182 820 1299 879 ςημαν-

178 904 259 968 τικαί
288 904 371 979 εἰςιν,
406 902 476 969 ἀλλ’
502 905 540 969 οὐ
570 903 639 970 καθ’
668 906 686 969 ὃ
720 907 816 971 λέξεις
849 906 972 971 ἁπλῶς·
1008 905 1077 971 καθ’
1102 908 1120 971 ὃ
1150 909 1208 985 μὲν
1236 907 1300 986 γὰρ

178 1011 284 1087 λέξεις,
308 1009 407 1074 ἄλλας
431 1011 541 1091 έχουσι
565 1013 790 1091 πραγματείας,
814 1013 851 1076 ἃς
868 1013 903 1076 ἐν
919 1020 964 1098 τῷ
980 1015 1052 1092 περὶ
1076 1013 1153 1097 [rob
1178 1013 1300 1097 delevi]

179 1117 277 1193 λόγου
300 1119 464 1196 ςτοιχείινν
487 1119 549 1198 (sie
564 1124 726 1184 Meursius
742 1141 800 1199 pro
826 1120 981 1203 ςτοιχείῳ)
1005 1119 1073 1185 ὅτε
1090 1121 1299 1201 Θεόφραςτος

179 1223 320 1289 ἀνακινεῖ
343 1226 394 1288 καὶ
418 1225 449 1288 οῖ
472 1227 545 1304 περὶ
569 1225 668 1290 αὐτὸν
691 1227 888 1305 γεγραφότες
913 1225 983 1290 οῖον
1008 1226 1170 1305 “πότερον
1194 1225 1301 1306 ὄνομα

179 1332 230 1394 καὶ
254 1332 337 1410 ῥῆμα
360 1335 417 1395 τοῖι
443 1332 541 1408 λόγου
566 1337 705 1412 ςτοιχεῖα
728 1334 747 1411 ἢ
771 1333 822 1396 καὶ
846 1332 948 1411 ἄρθρα
971 1334 1022 1397 καὶ
1051 1333 1217 1411 ςύνλεςμοι
1246 1336 1301 1398 καὶ

172 1437 262 1502 -ἄλλα
285 1438 368 1502 τινά·
404 1439 518 1506 λέξεως
544 1440 579 1503 δὲ
603 1441 653 1503 καὶ
677 1442 776 1503 ταῦτα
800 1440 891 1518 μέρη,
928 1441 1025 1517 λόγον
1050 1441 1085 1504 δὲ
1113 1439 1217 1518 ὄνομα
1246 1442 1300 1505 καὶ

179 1546 275 1625 ῥῆμα·
311 1546 362 1609 καῖ
385 1546 430 1609 τίς
454 1546 473 1623 ἡ
498 1546 590 1624 κυρία
613 1547 703 1621 λέξις,
738 1547 784 1609 τίς
809 1547 843 1610 δὲ
867 1546 886 1624 ἡ
911 1548 1115 1626 μεταφορική.
1151 1548 1202 1610 καῖ
1226 1548 1301 1611 τίνα

178 1651 218 1715 τὰ
240 1649 326 1730 πάθη
350 1651 447 1730 αὐτῆς
471 1650 542 1716 οἷον
568 1653 597 1716 τί
620 1651 784 1730 ἀποκοπή,
819 1653 847 1716 τί
871 1654 1026 1731 ςνγκοπή,
1061 1653 1090 1717 τῖ
1117 1653 1300 1733 ἀφαίρεςις·

178 1759 261 1824 τίνες
285 1759 316 1823 αἱ
339 1757 446 1835 ἁπλαῖ,
481 1760 564 1823 τίνες
588 1759 620 1822 αἱ
643 1758 796 1835 ςύνθετοι,
825 1759 908 1823 τίνες
933 1760 964 1823 αῖ
988 1759 1211 1824 ὑποςύνθετοι·
1246 1763 1302 1825 καὶ

179 1864 238 1929 ὅςα
261 1869 401 1929 τοιαῦτα.
424 1867 475 1929 καὶ
500 1865 557 1930 ὅςα
580 1867 652 1944 περὶ
676 1866 771 1930 ἰοειῖιν
795 1866 929 1945 εἴρηται·
953 1867 982 1930 τί
1005 1848 1043 1930 ab
1060 1869 1158 1946 ςαφὲς
1176 1868 1211 1931 έν
1227 1871 1301 1951 ταῖς

180 1973 285 2048 λέξεςι,
320 1972 348 2036 τί
371 1974 408 2036 τὸ
442 1973 687 2051 μεγαλοπρεπές,
717 1973 746 2036 τί
769 1974 806 2036 τό
829 1973 890 2050 ἡδὺ
914 1974 965 2036 καὶ
988 1972 1158 2037 πιθανόνῆ
1205 1980 1301 2039 illum

179 2085 299 2146 librum
326 2086 466 2144 eundem
489 2102 560 2144 esse
584 2102 623 2143 ae
645 2080 718 2157 περὶ
742 2079 856 2145 λέξεως
881 2071 910 2155 ἆ,
935 2102 1009 2144 eum
1032 2103 1097 2144 non
1121 2090 1225 2144 totum
1249 2104 1300 2145 ar·

180 2196 370 2268 gumentum
397 2209 418 2249 a
441 2191 606 2267 Simplicio
636 2193 782 2250 enarrari
811 2197 950 2267 putaret,
987 2192 1126 2250 coniecit
1149 2193 1300 2251 Maximi·

179 2298 285 2357 lianus
308 2298 506 2358 Schmidtius
534 2294 594 2372 (De
618 2298 843 2373 Theophrasto
867 2299 995 2357 rhetore
1019 2316 1050 2374 ρ.
1075 2293 1139 2373 38),
1175 2300 1300 2359 rectius

179 2404 305 2464 Vscner
339 2400 499 2477 (Analect.
524 2405 738 2480 Theophrast.
768 2423 800 2480 p.
824 2399 857 2478 9)
891 2406 1032 2480 primum
1066 2407 1186 2465 librum
1223 2424 1299 2465 eum

179 2512 280 2583 fuisse
293 2511 526 2587 Theophrastci
543 2513 649 2587 operis
665 2508 736 2586 περὶ
755 2507 878 2582 λέξεως,
902 2513 994 2573 euius
1011 2512 1109 2571 etiam
1125 2514 1159 2572 in
1175 2513 1298 2572 Laertii

179 2618 288 2678 indice
311 2635 463 2679 mancum
486 2620 655 2695 exemplar
677 2619 889 2696 significatur.
929 2620 984 2677 ilio
1001 2626 1146 2694 tempore
1162 2621 1195 2678 in
1212 2621 1298 2680 libro

167 2710 251 2798 Ιπερὶ
274 2720 388 2785 λέξεως
411 2726 542 2785 omnino
566 2743 631 2784 non
654 2726 797 2800 potuisse
821 2727 923 2784 taceri
948 2727 988 2784 de
1010 2719 1206 2785 ‘elementis'
1223 2743 1298 2786 een-

180 2833 284 2903 eedet,
309 2833 364 2907 qui
380 2834 565 2892 meminerit
588 2834 875 2910 grammaticas
899 2840 1008 2891 artes
1031 2835 1176 2893 nondum
1197 2835 1298 2909 serip-

179 2946 230 2998 tas
253 2941 364 2999 fuisse.
399 2940 487 2998 idem
510 2941 634 2998 factum
658 2946 706 2998 est
730 2940 764 2998 in
787 2940 866 2998 artis
883 2941 964 2998 rhet.
981 2938 1197 2999 Aristoteleae
1213 2942 1234 2998 l.
1248 2941 1297 3001 ΙΙΙ

180 3047 342 3122 capitibus
365 3047 489 3121 primia,
514 3053 574 3105 art.
591 3053 676 3122 poet.
702 3063 729 3104 e.
747 3041 790 3104 20
807 3063 870 3121 sq.;
895 3048 948 3106 vel
965 3048 1201 3106 Ααιι-πῖπιοιιοπι
1219 3049 1298 3106 iicet

180 3153 306 3212 afferre.
352 3171 459 3213 nonne
483 3159 654 3228 praeterea
677 3154 854 3228 permirum
878 3160 936 3224 cst,
973 3154 1060 3227 quod
1087 3155 1121 3212 in
1145 3155 1229 3212 libro
1255 3156 1296 3214 de

180 3261 348 3320 elementis
373 3261 527 3319 orationis
551 3261 726 3335 exponitur
748 3255 777 3318 τί
800 3255 838 3318 τὸ
861 3255 960 3333 ςαιρὲς
984 3255 1020 3319 ἐν
1042 3259 1111 3319 ταῖς
1137 3256 1241 3331 λέξεςι,
1267 3257 1295 3320 τί

179 3363 217 3426 τὸ
240 3362 486 3440 μεγαλοπρεπές,
509 3362 538 3425 τί
561 3361 599 3425 τὸ
623 3361 683 3439 ἡδὺ
707 3362 758 3424 καῖ
781 3361 940 3425 πιθανόνὶ)
976 3384 1173 3441 quamquam
1196 3369 1295 3427 etiam

179 3476 214 3533 in
236 3475 458 3551 grammaticis
481 3475 574 3532 libris
598 3474 708 3550 agitur
732 3475 772 3531 de
802 3474 999 3548 quibusdam
1028 3475 1212 3532 verborum
1233 3477 1296 3533 vir-

179 3582 303 3640 tutibus
327 3587 359 3639 et
382 3582 481 3651 vitiis,
506 3588 613 3639 tamen
639 3581 717 3655 quid
742 3581 795 3638 hie
819 3581 881 3638 sibi
904 3582 985 3639 velit
1001 3599 1029 3638 e.
1046 3598 1078 3657 g.
1096 3577 1133 3640 τὸ
1150 3577 1295 3653 πιθανόν,

180 3694 249 3747 tum
273 3689 403 3746 demum
426 3689 627 3764 intellegitur
650 3704 724 3746 eum
753 3689 1010 3746 accuratioribus
1039 3689 1079 3747 dc
1109 3691 1296 3749 oratione

180 3796 373 3854 continua
396 3795 670 3869 disputationibus
694 3795 786 3854 illum
809 3795 930 3852 librum
954 3795 1168 3868 praemissum
1192 3796 1295 3856 fuisse

179 3903 339 3979 ponimus
386 3903 539 3976 quoniam
563 3903 807 3976 quaestionibus
831 3903 1074 3976 praecursoriis,
1112 3904 1151 3960 de
1176 3904 1296 3976 quibus

180 4011 280 4069 refert
304 4009 497 4085 Simplicius
533 4026 617 4068 unus
649 4010 732 4067 liber
767 4010 1001 4084 complebatur,
1037 4010 1136 4067 etiam
1171 4011 1294 4069 maiore

180 4118 337 4176 librorum
352 4133 487 4176 numero
503 4117 630 4190 reliqua
645 4117 782 4174 materia
798 4122 937 4174 tractata
953 4116 1053 4174 fuisse
1070 4118 1217 4190 putanda
1235 4124 1295 4176 est.

287 4224 400 4283 Totius
423 4223 529 4299 operis
553 4223 786 4298 Theophrastei
812 4229 1040 4299 argumentum
1070 4224 1166 4296 quale
1195 4225 1295 4284 fuerit

180 4338 213 4390 ct
242 4331 402 4405 quemodo
432 4331 633 4406 dispositum,
669 4331 856 4389 etiamnunc
884 4331 947 4388 nisi
979 4348 1052 4405 spes
1081 4348 1132 4388 me
1163 4332 1247 4389 fallit
1277 4351 1294 4390 e

181 4439 401 4514 compluribus
425 4439 637 4514 scriptoribus
661 4438 731 4497 crui
754 4444 870 4512 potest,
895 4439 973 4497 (lum
997 4438 1038 4495 de
1062 4454 1173 4496 eorum
1190 4439 1295 4497 diver-

182 4547 225 4606 sis
249 4546 391 4605 eonsiliis
414 4552 503 4605 recte
526 4545 718 4606 iudicemus.
764 4545 893 4606 initium
922 4545 1070 4619 capiatur
1094 4562 1114 4603 a
1136 4544 1294 4620 Dionysio
