2654 5226
330 1477 608 1560 Sententiae
637 1480 990 1560 controversae.

610 1678 715 1685 —

211 1808 236 1865 Ι.
272 1808 416 1866 Lienisse
439 1808 574 1866 Athenis
598 1825 766 1867 servorum
789 1809 1059 1868 manumissiones
1083 1810 1116 1867 in
1140 1810 1221 1869 iudi·

106 1917 164 1973 eiis
188 1917 398 1990 pronuntiare
422 1932 522 1992 nego;
553 1917 608 1989 qui
632 1918 722 1975 loeus
745 1917 834 1974 viros
858 1917 970 1974 doctos
999 1917 1032 1975 in
1057 1934 1128 1975 eam
1156 1919 1221 1992 opi-

105 2024 234 2080 nionem
259 2024 353 2081 duxit
377 2018 439 2096 (est
462 2024 496 2080 in
521 2023 604 2081 isaei
632 2024 826 2099 fragmenta
851 2024 942 2082 Dion.
973 2025 1013 2082 de
1037 2025 1128 2082 Isaeo
1152 2027 1219 2084 iud.

104 2125 135 2187 ί).
165 2125 246 2188 594ι
277 2123 412 2200 ἄγοντα(
441 2124 540 2190 αὐτὸν
569 2126 740 2190 Διονυείου
775 2125 939 2204 ἐξειλόμην
968 2125 1011 2189 εἰ(
1039 2127 1220 2205 ἐλευθερίαν

105 2232 195 2295 εἰδὼς
220 2231 396 2310 ἀφειμένον
418 2231 453 2295 ἐν
476 2238 521 2316 τῷ
545 2234 731 2316 δικαετηρίῳ
756 2233 820 2296 ὑπὸ
836 2231 1042 2313 Ἐπιγένουε),
1066 2241 1170 2298 verba
1185 2234 1220 2298 ἐν

104 2345 149 2423 τῷ
185 2340 371 2423 δικαετηρίῳ
407 2346 631 2420 interpolatori
666 2347 786 2404 debere
821 2346 953 2405 videtur
975 2347 1111 2404 Romani
1140 2348 1220 2407 iuris

104 2454 188 2510 male
212 2454 354 2511 memori.

210 2613 251 2670 Π.
286 2613 449 2671 Demosth.
478 2613 542 2672 XX
573 2607 651 2671 131:
687 2606 732 2671 ἐτι
766 2607 876 2672 τοίνυν
909 2607 983 2671 'ituit
1018 2607 1219 2686 ἐπιειίμοντεε

104 2714 229 2792 {postor
257 2714 300 2777 ὼε
330 2715 487 2793 Μεγαρεῖ(
521 2716 573 2779 καὶ
608 2715 777 2793 Μειεήνιοί
811 2735 894 2779 τινεε
929 2714 1010 2779 εἶναι
1044 2714 1219 2793 φάεκοντεε

104 2819 199 2884 ἔπειτ’
225 2821 346 2886 ἀτελεῑε
370 2823 445 2886 εἰειν
469 2822 589 2902 ἁθρόοι,
624 2826 822 2901 παμπληθεῖ(
851 2822 1024 2901 ἄνθρωποι,
1056 2823 1107 2886 καί
1136 2799 1267 2904 τινεσί,
1300 2814 1303 2819 ’

104 2928 195 2992 ἄλλοι
219 2933 330 2992 δοῦλοι
354 2932 404 2993 καὶ
428 2931 590 3009 μαετιγίαι,
614 2930 748 2994 Λυκίδαε
772 2931 822 2994 καὶ
839 2929 1016 3006 Διονύειοε,
1040 2931 1091 2993 καὶ
1113 2930 1218 2994 τοιού·
1258 2922 1272 2989 ἰ

103 3057 177 3098 τουε
201 3037 288 3100 τινὰ(
316 3038 533 3115 ἐξειλεγμένοι.
581 3049 745 3118 expuncto
778 3044 972 3119 glossemate
1006 3036 1140 3101 aeriter
1168 3056 1283 3185 xii*
1267 2996 1280 3101 ί

103 3143 468 3223 Aiovtc10c‚quodox
503 3151 687 3224 insequenti
722 3151 927 3226 paragrapho
962 3151 1104 3281 irrepsit,
1140 3167 1217 3333 sana
1280 3218 1290 3295 ἲ

103 3257 164 3313 erit
187 3258 357 3315 sententia.
1286 3310 1312 3445 Χ

208 3419 265 3476 ΙΙΙ.
301 3420 484 3477 Aristotelis
500 3419 708 3477 Politieorum
725 3419 830 3476 editor
854 3419 881 3476 si
905 3421 1006 3477 solam
1027 3418 1081 3475 vel
1097 3418 1235 3499 insigne
1310 3448 1315 3497 i

102 3526 172 3583 loeo
197 3527 346 3584 eodieum
381 3527 518 3584 elassem
548 3527 641 3602 signo
663 3520 721 3583 Π1
756 3532 900 3583 notatam
925 3525 1081 3598 sequitur,
1117 3541 1218 3599 prave
1232 3500 1318 3655 'ijs‘

102 3639 228 3691 textum
245 3634 422 3692 constituit.
453 3634 609 3691 eeleotiea
625 3633 750 3691 ratione
766 3649 844 3692 usus
860 3648 1055 3705 unoquoque
1073 3632 1143 3689 loeo
1159 3626 1191 3689 Π
1205 3628 1217 3664 ¹

102 3746 135 3796 et
162 3735 220 3797 Πέ
256 3741 436 3814 examinet3
473 3741 602 3815 saepius
634 3741 777 3817 genuina
812 3741 908 3798 leetio
932 3740 966 3797 in
1000 3733 1059 3796 ti2
1087 3714 1269 3811 servatafi
1299 3798 1305 3811 ‚

103 3853 151 3904 est
173 3864 271 3920 quain
294 3848 328 3905 in
351 3841 383 3905 Π
397 3843 419 3904 ¹.
1238 3827 1247 3875 ⁴
1290 3840 1305 3933 ,ι’

208 4009 262 4068 IV.
297 4009 439 4068 Pessime
475 4015 612 4085 egerunt
635 4009 819 4067 Aristotelis
842 4007 1051 4066 Politieorum
1075 4007 1218 4064 editores
1240 3968 1311 4076 [4⁸4

102 4123 134 4172 et
157 4117 362 4190 interpretes,
380 4132 454 4175 eum
477 4133 542 4175 non
558 4117 662 4174 solum
685 4116 831 4191 singulas
848 4114 1024 4173 sententias
1045 4113 1217 4171 sedetiam

102 4230 185 4281 totos
208 4225 309 4282 libros
332 4225 366 4282 in
390 4224 490 4282 alium
512 4225 620 4282 loeum
643 4227 902 4298 transponerent.
938 4221 1125 4296 saepissime
1150 4237 1218 4278 sen-

102 4332 277 4390 tentiarum
305 4348 466 4390 eonexum
496 4332 680 4390 Aristotelis
707 4331 875 4406 proprium
902 4345 1017 4403 parum
1051 4328 1217 4385 intellexe-

102 4446 192 4511 runt·
165 4439 290 4496 taliis
306 4440 386 4497 loeis
408 4439 579 4513 permultis
594 4445 727 4513 propter
751 4439 821 4498 eius
836 4436 1039 4512 pragmatiae
1056 4435 1216 4511 originem

101 4546 293 4605 mutandum
315 4565 380 4606 non
404 4554 481 4606 erat
