2594 5174
556 299 732 353 „38-

9 534 16 551 .
86 505 156 546 esse
169 488 292 547 Stoicos
305 493 416 561 aperte
430 487 569 544 dixerat.
594 486 687 544 Dion.
706 487 747 542 de
766 486 857 542 Dem.
874 479 927 542 48.
947 477 1029 541 1101
1035 528 1043 560 ,
1059 479 1081 540 4
1097 484 1211 557 ipsum
1233 486 1239 545 .'

86 595 248 652 Zenonem
271 595 417 651 nominat
440 593 548 667 quarti
565 593 716 651 elementi
733 593 951 650 inventorem:
974 589 1042 648 τοῖς
1065 584 1210 663 πρώτοις
1236 618 1245 651 .··

86 695 206 772 μορίοις
229 699 284 773 τῆς
302 696 423 770 λέξεως,
440 695 460 758 ἃ
478 696 516 773 δὴ
533 698 672 773 ςτοιχεῑα
696 694 759 757 ὑπό
775 715 872 757 τινων
889 696 1038 768 καλεῖται,
1055 692 1117 756 εἴτε
1135 692 1213 770 τρία
1227 676 1254 761 'fi

85 799 172 865 ταῦτ’
197 803 287 877 ἐςτίν,
312 803 354 866 ὡς
384 802 540 885 Θεοδέκτῃ
564 823 598 865 τε
628 803 678 864 καὶ
701 799 904 879 Ἀριςτοτέλει
934 805 1029 876 δοκεῖ,
1060 799 1210 878 ὀνόματα

85 911 135 972 καὶ
159 909 282 987 ῥήματα
305 911 356 972 καὶ
379 909 550 986 ςύνδεςμοι,
567 908 628 972 εἴτε
651 909 794 985 τέτταρα,
818 908 861 970 ὡς
885 911 953 971 τοῖς
969 908 1041 985 περὶ
1065 900 1254 1015 Zimara}

85 1017 143 1080 τὸν
153 1017 295 1079 Στωικὸν
311 1020 374 1079 κτλ.
392 1016 467 1096 (εἴτε
482 1017 617 1094 τέτταρα
630 1053 673 1060 -
686 1016 828 1078 Στωικὸν
850 1022 975 1079 suntin
992 1020 1020 1078 A
1037 1026 1069 1078 ct
1084 1020 1124 1092 P;
1143 1037 1210 1077 om.
1250 1040 1254 1065 ε

86 1124 212 1202 Palat.).
248 1129 281 1186 in
306 1129 384 1186 artis
408 1129 554 1202 poeticae
579 1129 711 1186 Aristot.
737 1145 762 1185 e.
786 1122 829 1184 20
853 1133 983 1202 practer
1006 1133 1073 1184 tres
1096 1133 1211 1201 partes

88 1235 186 1292 etiam
210 1237 251 1292 ab
275 1236 331 1293 illo
348 1241 480 1293 auctore
497 1236 663 1293 Aristoteli
680 1235 820 1293 tributas
844 1227 964 1306 ἄρθρον
983 1234 1116 1292 affertur
1141 1249 1211 1291 cor·
1250 1254 1254 1313 j

88 1341 283 1415 ruptissimis
308 1343 441 1415 quidem
463 1343 584 1418 verbis,
610 1351 643 1399 at
667 1342 808 1400 affertur.
854 1341 990 1410 Vsener,
1019 1347 1056 1398 ut
1085 1324 1210 1398 nissen!

88 1448 210 1505 sionem
243 1449 393 1518 solveret,
431 1448 558 1522 Quaest.
587 1448 738 1506 Ananim.
768 1465 798 1522 p.
822 1442 864 1505 39
888 1446 1036 1505 'coniecit
1063 1447 1210 1505 Halicar-
1251 1500 1254 1505 .

87 1556 219 1614 nasensi
244 1551 309 1629 (vel
334 1556 403 1613 eius
427 1551 564 1629 auctori)
589 1557 622 1613 in
638 1557 747 1614 animo
770 1556 871 1614 fuisse
888 1555 1103 1613 Aristoteleae
1127 1553 1212 1612 artis
1221 1635 1232 1641 ,-

88 1663 166 1720 rhet.
190 1663 277 1722 locos
302 1662 393 1739 duos,
420 1657 506 1720 1404
522 1664 543 1719 b
560 1657 617 1720 ‘262
646 1656 752 1720 ὄντων
776 1653 803 1720 δ’
829 1656 998 1734 ὀνομάτων
1027 1656 1078 1718 καὶ
1108 1653 1210 1732 ῥημά-

88 1784 159 1828 των,
177 1764 209 1829 ἐξ
233 1762 280 1827 ὧν
304 1763 322 1827 ὁ
348 1765 444 1841 λόγος
468 1764 653 1841 ςννέςτηκεν
677 1778 709 1828 et
735 1765 817 1828 mot
841 1761 1210 1839 sedecennalem

89 1867 168 1935 ἐςτ1>
189 1873 387 1949 πρῶτονμὲν
401 1872 514 1935 ἐντοῖς
531 1872 711 1950 cleoneae
728 1873 867 1951 (confert
884 1878 982 1935 etiam
1000 1870 1084 1933 1403
1101 1876 1122 1932 b
1140 1869 1209 1948 32),

90 1983 208 2056 quibus
232 1985 473 2058 comprehensis
501 1990 566 2042 tres
595 1984 667 2041 illas
695 1989 804 2064 partes
836 1985 1028 2056 invenissem
1058 1988 1211 2056 quartam

88 2095 213 2163 partem
237 2082 383 2163 (ἄρθρον)
406 2097 516 2148 notam
551 2091 682 2163 quidem
717 2091 818 2148 fuisse
846 2090 1012 2147 Aristoteli
1041 2106 1084 2147 ex
1118 2088 1210 2146 Anti·

88 2197 210 2254 sthenis
227 2197 386 2266 doctrina,
404 2197 438 2254 in
461 2197 563 2272 ipsius
576 2202 684 2255 autem
702 2204 846 2271 systema
868 2214 933 2254 non
950 2202 1122 2270 receptam.
1146 2196 1211 2253 hoc

88 2321 214 2376 nequeo
240 2305 389 2378 probare,
407 2304 484 2377 quia
500 2304 640 2378 primum
657 2305 782 2362 auctori
806 2305 854 2361 illi
870 2309 1003 2377 propter
1026 2319 1099 2361 eum
1124 2318 1211 2360 erro-

88 2427 167 2480 rem,
191 2412 313 2484 dequo
337 2411 402 2468 iam
427 2403 563 2479 dicetur,
580 2428 646 2468 non
670 2411 704 2468 id
720 2411 828 2468 tribuo
853 2411 1054 2486 diligentiae,
1078 2414 1114 2466 ut
1130 2409 1211 2466 data

88 2533 187 2591 opera
211 2519 419 2591 conquireret
448 2518 594 2576 diversos
618 2520 652 2577 in
681 2525 750 2576 arte
778 2520 858 2576 rhet.
886 2519 1081 2575 Aristotelea
1108 2518 1208 2586 locos

88 2625 281 2696 praesertim
317 2641 391 2682 cum
414 2641 467 2682 me
492 2625 624 2698 quidem
660 2625 767 2683 iudice
792 2625 1009 2698 acquievisset
1045 2624 1209 2697 inprime

89 2731 198 2788 statim
221 2731 292 2788 loeo
316 2723 441 2789 ε(ὄντων
465 2722 492 2789 o’
519 2725 728 2803 ὀνομάτων
759 2727 809 2788 καὶ
833 2723 1040 2804 ρημάτων”.
1087 2730 1209 2788 deinde

59 2884 63 2889 .
88 2853 214 2910 nequeo
244 2843 451 2896 contemnere
486 2840 565 2897 artis
594 2845 677 2913 poet.
712 2840 830 2908 locum,
865 2855 991 2912 nequeo
1027 2836 1209 2896 concedere

88 2945 296 3001 Aristotelem
320 2945 372 3002 hic
396 2946 536 3003 alienam
565 2947 746 3004 doctrinam
775 2946 928 3020 amplecti
956 2945 1018 3019 ipsi
1047 2961 1110 3002 non
1135 2961 1208 3018 pro·

14 3077 18 3087 x
89 3045 231 3111 batam*.
253 3051 363 3125 itaque
399 3053 556 3126 astipulor
580 3052 742 3122 Classeno,
767 3054 823 3127 qui
858 3048 917 3127 (De
941 3069 1076 3128 gramm.
1100 3067 1208 3126 graec.

89 3159 242 3233 primord.
265 3175 295 3232 p.
311 3152 366 3232 60)
390 3159 487 3217 unius
504 3159 698 3218 Theodectis
714 3161 803 3218 illam
819 3160 920 3219 fuisse
941 3159 1100 3221 rationem
1117 3158 1208 3228 dicit,

89 3270 125 3324 ut
148 3271 214 3323 tres
230 3272 339 3339 partes
356 3271 591 3339 statuerentur;
617 3267 674 3324 sed
690 3268 751 3324 hoe
767 3284 867 3326 unum
884 3266 1036 3326 Classeno
1053 3265 1208 3335 concedo,

197 3525 297 3580 *Non
317 3542 440 3595 possum
463 3527 534 3578 mihi
558 3526 743 3595 persuadere
768 3532 822 3579 art.
842 3527 884 3579 rh.
906 3526 1060 3580 14071123
1088 3527 1129 3589 (ἐν
1148 3533 1209 3580 τοῖς

90 3616 247 3679 ςυνδέςμοις
267 3655 272 3667 .
294 3656 299 3667 .
320 3656 326 3668 .
347 3616 439 3681 ὥςπερ
465 3617 480 3668 ὁ
505 3617 554 3678 μέν
580 3619 624 3668 καὶ
643 3617 658 3668 ὁ
678 3617 734 3680 ἐγὼ
759 3616 808 3680 μέν
833 3616 944 3669 ἀπαιτεῖ
966 3617 1017 3669 τὸν
1040 3617 1071 3669 δέ
1093 3617 1208 3669 καὶτὸν

90 3706 105 3756 ὁ
120 3705 160 3767 δέ)
181 3705 400 3758 coniunctionis
414 3706 538 3758 nomine
552 3707 642 3758 etiam
656 3721 823 3774 pronomen
836 3706 991 3774 particulis
1005 3707 1062 3772 μέν,
1082 3706 1113 3758 δέ
1126 3706 1209 3759 iune-

90 3798 153 3846 tum
173 3794 421 3862 comprehensum
440 3809 519 3862 esse3
547 3799 581 3848 ut
594 3796 691 3863 magis
709 3796 794 3848 lieret
815 3796 1016 3864 perspicuum,
1037 3794 1109 3862 quid
1123 3811 1209 3864 prae-

90 3883 279 3949 scriberetur,
296 3884 382 3950 quasi
394 3883 523 3951 exempli
533 3883 600 3936 loeo
611 3883 714 3936 addita
727 3885 798 3936 mihi
812 3885 955 3938 videntur
969 3885 1025 3948 ἐγὼ
1038 3885 1088 3949 μέν
1098 3888 1128 3938 et
1141 3886 1156 3936 ὸ
1169 3885 1208 3938 δέ.

91 3972 220 4025 eundem
248 3972 392 4040 loquendi
415 3988 503 4025 usum
527 3973 626 4025 minus
657 3977 833 4026 accuratum
857 3974 960 4027 inveni
984 3975 1015 4026 in
1038 3973 1157 4026 scholiis
1177 3975 1209 4027 in

90 4061 222 4127 Iliadem,
247 4060 331 4114 Κ408
345 4064 423 4123 (ven.
438 4064 482 4124 a):
503 4061 603 4129 δαῆὸτι
618 4061 764 4125 ςύνδεςμοε
782 4063 797 4114 ὁ
816 4061 861 4115 δαί
878 4065 923 4115 καί
942 4064 994 4115 οὐκ
1012 4064 1116 4130 ἄρθρον
1136 4066 1209 4126 (rec-

90 4151 150 4203 tius
171 4150 295 4204 dixisset
315 4151 366 4203 οὐκ
385 4151 489 4216 ἄρθρον
508 4154 552 4203 καλ
572 4151 738 4215 ςύνδεςμος).
769 4149 798 4202 Μ
816 4151 869 4207 314
888 4154 966 4214 (ven.
986 4155 1029 4216 a):
1056 4154 1209 4218 περιςςεὺει

91 4241 122 4293 δὲ
140 4241 155 4292 ὁ
175 4241 237 4306 ἑξῆς
255 4240 402 4304 ςύνδεςμοε
421 4241 436 4292 ὁ
456 4239 491 4294 οἱ
509 4241 537 4292 δ’
558 4240 609 4294 ἐπ’
629 4241 789 4295 ἐπάλξεις
809 4243 936 4306 βαῖνον.
974 4242 1011 4294 cf.
1031 4242 1070 4295 ad
1089 4240 1109 4294 Z
1130 4241 1190 4296 149.
