2654 5226
587 641 744 694 ..ε-ιν),

100 822 155 885 καὶ
192 821 362 899 ἕτεροντὸ
397 822 496 899 τραχὺ
521 823 571 884 καὶ
607 821 686 884 ἄλλο
711 823 846 897 εὐπαγὲς
876 822 927 884 καὶ
961 821 1041 884 ἄλλο
1075 820 1224 899 ὀγκηρόν.

100 934 193 993 unde
217 933 321 992 haec?
345 935 540 993 versabatur
563 928 699 1007 ἁρμονία
715 952 780 993 non
804 936 917 993 ultimo
934 936 1004 992 loco
1028 935 1062 992 in
1088 934 1225 1010 singulis

101 1042 218 1101 verbis
241 1041 489 1115 componendis;
514 1042 608 1100 Dion.
627 1043 667 1101 dc
684 1059 711 1099 c.
726 1059 756 1099 ν.
775 1037 827 1100 ⁶23.
847 1035 954 1110 lino
981 1034 1132 1114 (ςύνθεςις
1148 1038 1224 1110 γλα-

103 1142 223 1223 φυρά);
247 1142 390 1220 ὀνόματα
406 1141 550 1224 εὔφωνα,
575 1146 674 1219 λεῖα,
698 1143 830 1220 μαλακά,
847 1142 1057 1220 παρθενωπά;
1081 1148 1223 1206 Demetr.

107 1250 185 1314 1782
216 1253 282 1313 τῶν
306 1251 341 1312 δὲ
370 1251 545 1328 εἰρημένων
575 1249 744 1328 ὀνομάτων
773 1250 812 1313 τὰ
842 1253 928 1314 λεῖα
957 1250 1057 1327 μόνον
1086 1249 1224 1326 ληπτέον

106 1358 150 1422 ὡς
175 1357 345 1436 γλαφυρόν
368 1378 397 1420 τι
421 1356 544 1435 έχοντα.
592 1380 666 1421 cum
690 1380 754 1421 non
777 1369 924 1421 exstaret
947 1364 1035 1437 apud
1059 1367 1224 1420 auctorem

65 1450 70 1459 ¹
105 1487 201 1529 suum
236 1470 479 1528 elocutionis
514 1466 673 1542 χαρακτὴρ
708 1465 874 1542 γλαφυρός
903 1501 942 1508 —-
980 1470 1051 1544 ipsa
1085 1469 1225 1527 nominis

91 1571 273 1651 ’γλαφυρὸς
298 1577 493 1652 significatio
517 1577 634 1646 obstat,
659 1595 700 1635 ne
725 1578 765 1635 de
789 1593 879 1634 incra
901 1577 1083 1635 elocutione
1106 1578 1225 1651 cogite·

105 1701 187 1754 mus,
213 1684 342 1757 qualem
366 1678 480 1759 ματρί)
506 1684 663 1758 descripsi
687 1715 740 1753 -,
766 1701 807 1742 cx
836 1684 886 1751 iis,
915 1701 999 1757 quae
1024 1684 1064 1741 de
1088 1677 1224 1759 ἁρμονίᾳ

107 1789 258 1867 γλαφυρᾷ
275 1791 364 1849 dicta
380 1791 579 1860 inveniebat,
604 1791 778 1865 separavit,
803 1808 886 1864 quae
911 1792 953 1848 ad
978 1792 1107 1867 singula
1122 1792 1225 1849 verba

107 1899 283 1957 faciebant.

213 2006 271 2064 ΙΠ.
291 1998 465 2064 ita-185
487 1998 626 2063 ςύνθεςις
638 1999 797 2078 γλαφυρά.
821 2007 933 2063 inirari
947 2006 1113 2075 debemus,
1138 2006 1225 2078 quod

108 2113 291 2172 Demetrius
315 2113 469 2171 hocloco
498 2113 659 2186 praecipit
682 2107 830 2184 ἁρμόζειν
859 2108 893 2170 ἐκ
916 2107 1039 2184 μέτρων
1068 2108 1126 2184 τὴν
1154 2106 1224 2170 ςύν-

108 2333 283 2403 praccepta
306 2327 478 2384 intellexit.
526 2334 558 2384 et
587 2327 656 2402 ipse
693 2343 726 2384 sc
750 2327 869 2400 prodit,
906 2343 980 2384 cum
1008 2327 1130 2402 porgit:
1166 2321 1225 2384 κάν

109 2433 271 2507 μετροειδῆ
296 2430 331 2492 δέ
353 2429 382 2511 ᾗ,
398 2429 456 2505 τὴν
473 2427 573 2505 αὐτὴν
589 2428 711 2505 ποιήςει
727 2427 828 2506 χάριν,
850 2435 939 2492 nullo
960 2435 1110 2508 exemplo
1128 2435 1226 2492 allato

109 2542 238 2600 illorum
263 2534 349 2599 ὅλων
373 2536 392 2613 ἢ
416 2535 552 2612 ἡμίςεων
576 2535 708 2613 μέτρων.
732 2572 776 2580 —-
802 2536 878 2599 183:
902 2534 1043 2599 Πλάτων
1067 2535 1174 2613 μέντοι
1191 2535 1226 2598 ἐν
1260 2538 1265 2549 “

110 2646 244 2707 πολλοῖς
268 2642 355 2727 αὐτῷ
371 2647 416 2726 τῷ
433 2642 542 2726 ῥυθμῷ
565 2643 731 2720 γλαφυρός
761 2643 843 2706 έςτιν
867 2642 1062 2726 ἐκτεταμένῳ
1091 2642 1226 2721 (ἐκτετα-

110 2750 204 2827 μένος
229 2756 317 2828 cod.;
342 2772 403 2813 cm.
427 2752 604 2830 Victorius)
629 2770 697 2812 πως
721 2751 772 2813 καὶ
796 2748 870 2813 οὔτε
899 2749 995 2828 ἕδραν
1019 2749 1124 2828 ’έχοντι
1152 2749 1226 2814 οὔτε

92 2861 214 2935 μῆκος.
260 2863 343 2920 miro
368 2862 456 2919 dicta
473 2868 547 2920 sunt
564 2856 651 2940 αὐτῷ
675 2861 720 2940 τῷ
737 2856 845 2940 ῥυθμῷ
869 2857 1035 2935 γλαφυρός
1051 2857 1143 2932 ἐςτιν,
1168 2864 1226 2921 sed

108 2971 194 3028 dixit
217 2970 266 3027 sie
288 2969 482 3027 Demetrius.
523 2970 565 3026 ci.
589 2969 683 3026 Dion.
702 2971 742 3027 de
766 2987 794 3026 c.
811 2987 843 3027 ν.
861 2965 914 3027 23.
934 2964 1007 3039 ΠΟ,
1025 2964 1059 3026 6;
1085 2963 1124 3026 οὐ
1140 2968 1227 3041 ζητεῖ

108 3071 144 3148 (ἡ
167 3071 320 3150 γλαφυρὰ
343 3067 497 3135 ςύνθεςις)
518 3068 586 3134 καθ’
603 3071 657 3134 (ἑνί
683 3071 814 3134 ἕκαςτον
838 3069 941 3149 ὄνομα
964 3071 998 3134 ἐκ
1018 3071 1226 3148 περιφανείας

106 3178 240 3256 ὸρᾶςθαι
257 3178 348 3241 οὐδὲ
367 3177 406 3241 έν
423 3177 517 3260 έὰρᾳ
533 3176 638 3241 πάντα
652 3178 816 3256 βεβηκέναι
829 3179 963 3260 πλατείᾳ
975 3199 1009 3242 τε
1025 3180 1075 3241 καὶ
1091 3177 1227 3257 ἀςφαλεῑ

108 3285 186 3349 οὐδὲ
211 3284 349 3363 μακροὺς
373 3285 448 3347 τοὺς
472 3284 586 3362 μεταξὺ
609 3283 716 3348 αὐτῶν
740 3282 819 3348 εἶναι
844 3285 988 3363 χρόνους.
1018 3297 1054 3349 ut
1077 3291 1130 3348 hie
1147 3291 1227 3348 nihil

105 3398 269 3473 praecipit
280 3396 463 3455 Demetrius
478 3397 518 3454 dc
531 3397 739 3471 periodorum
752 3398 994 3471 compositione,
1017 3398 1064 3455 sic
1077 3399 1228 3472 exempla

106 3512 236 3563 tantum
260 3504 354 3562 affert
377 3504 465 3562 illius
501 3496 670 3576 ὀνομάτων
694 3497 856 3576 ἁρμονίας.
902 3505 1021 3562 mirum
1045 3510 1103 3574 est,
1140 3505 1227 3578 quod

107 3612 150 3670 de
184 3611 328 3686 periodis
352 3617 448 3680 tacet,
485 3611 605 3686 quippo
640 3610 673 3668 in
698 3627 779 3684 quas
809 3612 993 3669 necessario
1029 3611 1228 3669 contrarium

107 3689 257 3792 quadret,
287 3719 329 3776 cf.
354 3718 447 3775 Dion.
473 3719 514 3774 de
538 3734 566 3775 e.
591 3734 622 3775 v.
651 3712 705 3774 23.
728 3712 802 3787 172,
823 3711 860 3775 4:
889 3715 955 3776 τῶν
983 3711 1144 3790 περιόδων
1171 3711 1227 3775 τὰς

108 3820 257 3884 τελευτὰς
275 3816 450 3897 εὐρύθμους
467 3817 548 3882 εἶναι
566 3818 712 3897 βούλεται
729 3820 798 3882 καὶ2
816 3819 980 3897 βεβηκυίας
997 3818 1040 3882 ἁις
1057 3817 1140 3902 [ἂν]3
1162 3817 1227 3882 ἀπὸ

109 3925 254 4005 ςτάθμης,
277 3924 430 3990 τάναντία
457 3929 592 3989 ποιοῦςα
622 3925 657 3989 ἐν
685 3929 754 3989 ταῖς
783 3924 908 3989 τούτων
937 3924 1091 4004 ἁρμογαῖς
1115 3926 1134 4003 ἢ
1158 3928 1227 3989 ταῑς

109 4037 175 4098 τῶν
199 4032 375 4111 ὀνομάτων.
422 4039 480 4097 sed
504 4039 618 4113 opinor
640 4039 941 4114 iumcognoviinus
957 4039 1167 4096 Demetrium.
1183 4069 1228 4079 —-

109 4146 271 4220 reliquum
295 4153 353 4216 est,
378 4152 414 4204 ut
437 4163 534 4221 agam
564 4147 604 4203 de
629 4147 698 4203 eius
728 4146 969 4220 compositionis
998 4146 1086 4220 apud
1109 4145 1227 4220 Diony·

110 4254 194 4313 sium
222 4253 486 4326 Demetriumque
516 4253 703 4310 auctoribus
737 4253 886 4310 diversio.
936 4252 1027 4310 Dein.
1061 4247 1139 4310 181:
1168 4247 1227 4311 κᾶν

100 4357 276 4433 ’μετροειδῆ
289 4355 324 4416 δὲ
336 4354 364 4437 ᾖ,
376 4354 434 4431 τὴν
447 4352 547 4431 αὐτὴν
559 4354 681 4431 ποιήςει
694 4352 794 4431 χάριν.
819 4353 1096 4418 λανθανόντως
1113 4353 1154 4417 δέ
1169 4375 1227 4418 τοι

111 4498 287 4507 -—..-—-.....-
294 4498 324 4503 .-

221 4580 400 4639 Ῑὰωβ
510 4580 706 4638 ἳωΜἜ
814 4581 998 4638 3ἂνοπκΡ
