2594 5174
586 293 760 346 ..40-

117 475 326 555 Πραξιφάνηε
378 481 472 539 nobis
506 481 565 538 vix
597 480 711 537 relicta
746 485 820 537 sunt
852 479 993 555 vestigia
1014 479 1237 554 Praxiphanis

118 590 159 648 de
182 590 396 665 grammatica
419 576 617 655 meritorum,
643 603 726 660 quae
750 591 871 660 quanta
894 586 1015 644 fuerint
1038 587 1145 659 quivis
1170 588 1236 646 eol-

116 696 197 771 ligct
221 696 306 764 inde,
332 695 418 768 quod
435 695 542 768 priore
558 695 629 751 loco
645 710 711 751 una
727 710 801 750 cum
817 693 991 751 Aristotele
1006 693 1235 767 Praxiphancs
1266 690 1269 695 '

115 803 309 871 nominatur,
338 818 402 858 non
432 800 673 874 Theophrastus
698 801 805 857 aliive.
852 816 935 858 unus
963 804 1072 857 tamen
1100 807 1236 874 praesto

115 918 164 968 est
187 911 276 967 locus
301 926 343 966 ex
367 926 406 967 ca
430 909 470 966 de
487 925 552 981 qua
567 924 655 966 nunc
678 908 787 983 agitur
806 908 984 982 provincia.
1020 906 1162 965 Demetr.
1176 898 1233 966 55:

115 1015 182 1074 τοῑε
206 1012 241 1074 δὲ
275 1014 692 1089 παραπληραιματικοῖε
728 1010 953 1088 ευνδέεμοιτ
990 1009 1142 1088 χρηετέον
1171 1009 1236 1088 οὐχ

115 1117 157 1181 ὼε
181 1118 372 1196 προεῦήκαιε
396 1121 501 1181 κεναῖε
601 1116 654 1181 57.
701 1116 893 1195 λαμβάνεται
917 1118 952 1179 δὲ
976 1117 1027 1179 καὶ
1050 1119 1233 1192 παθητικῶε

114 1224 266 1288 πολλάκι(
290 1225 308 1287 ὁ
333 1225 502 1303 εόνδεεμοτ
530 1223 635 1306 οῦτοε,
664 1223 768 1304 ὥεπερ
797 1224 848 1287 ἐπὶ
876 1228 931 1301 τῆε
957 1224 1125 1301 Καλυψοῦε
1148 1224 1233 1301 πρὸ(

114 1332 172 1395 τὸν
195 1331 345 1395 Ὀδυεεέα
368 1331 539 1407 ι(Διογενὲε
556 1331 730 1410 Λαερτιάδη
755 1328 953 1410 πολυμήχαν’
971 1330 1126 1406 Ὀδυεεεῦ,
1143 1328 1232 1394 οὕτω

115 1440 153 1516 δὴ
178 1437 312 1513 οἶκόνδε,
338 1439 436 1517 φίλην
460 1439 492 1501 {c
514 1439 651 1517 πατρίδα
667 1437 793 1514 γαῖαν”·
824 1438 850 1502 εἰ
872 1441 953 1515 γοῦν
976 1440 1034 1503 τὸν
1057 1436 1232 1517 εόνδεεμον

116 1547 196 1625 (scil.
221 1546 272 1624 δή)
297 1545 424 1620 ἐξέλοιτ,
439 1545 676 1623 ,ευνεξαιρήεειε
706 1547 756 1608 καὶ
779 1546 817 1609 τὸ
840 1545 950 1609 πάθοε.
997 1546 1135 1609 καθόλου
1159 1545 1232 1624 γάρ,

115 1652 219 1730 ὥεπερ
244 1651 262 1715 ὁ
285 1651 494 1731 Πραξιφάνηε
518 1654 623 1731 φηείν,
646 1650 717 1715 ἀντὶ
741 1657 872 1731 μυγμῶν
888 1653 1175 1732 παρελαμβάνοντο
1200 1655 1231 1718 οἱ

115 1763 254 1823 τοιοῦτοι
278 1759 443 1838 εόνδεεμοι
466 1761 518 1823 καὶ
534 1763 725 1839 ετεναγμῶν,
743 1759 847 1838 ὥεπερ
871 1761 908 1824 τὸ
932 1761 964 1823 ul
981 1761 1013 1823 αἳ
1036 1761 1139 1824 καὶτὸ
1156 1764 1230 1839 φεῦ,
1264 1750 1269 1763 '

114 1868 164 1930 καὶ
180 1867 276 1930 ποῖόν
293 1868 322 1930 τί
338 1867 428 1943 ἐετιν,
446 1867 489 1930 thr
506 1867 602 1931 αὐτό(
619 1888 702 1946 φηει,
720 1868 757 1931 τὸ
774 1866 843 1931 “uui
859 1866 897 1930 νύ
914 1864 940 1930 κ’
958 1866 1230 1945 όδυρομένοιειν”.

114 1973 254 2051 ἕπρεψεν
277 1973 411 2053 ἔμφαείν
435 1995 506 2038 τινα
529 1974 604 2052 ἔχον
621 1975 746 2052 οἰκτροῦ
772 1973 937 2052 ὀνόματοε.
961 1973 1014 2037 58.
1038 1974 1069 2037 oi
1089 1975 1124 2037 δὲ
1147 1976 1230 2053 πρὸ(

114 2081 210 2145 οὐδὲν
233 2080 501 2160 ἀναπληροῦντεε,
525 2083 609 2161 φηεί,
638 2082 695 2146 τόν
719 2082 891 2160 εόνδεεμον
920 2082 1036 2145 ἐοίκαει
1059 2085 1126 2144 teir
1150 2082 1229 2145 ὑπο-

114 2191 232 2266 κριταῖτ
262 2192 328 2251 τοῖτ
363 2190 400 2252 τὸ
425 2191 475 2252 καὶ
510 2190 547 2253 τὸ
570 2191 650 2267 πρόε
680 2189 776 2252 οὐδὲν
811 2189 1007 2264 ἐπιλέγουειν
1031 2189 1229 2271 (Nauckius3

114 2293 189 2357 ἔποε
215 2295 358 2370 λέγουειν
382 2302 451 2358 cod.
475 2297 569 2376 Pan),
593 2295 663 2359 οἷον
688 2296 716 2359 εί
738 2317 783 2358 τιε
807 2294 870 2358 ὧδε
894 2295 981 2371 λέγοι

220 2400 236 2420 “
246 2402 397 2464 Καλυδὼν
422 2403 478 2479 μὲν
501 2402 558 2479 ἥδε
581 2407 657 2478 γαῖα
679 2402 859 2466 Πελοπείας
883 2403 1007 2480 χθονόε,
1031 2407 1103 2482 φεῦ,

219 2509 253 2571 ἐν
277 2507 504 2586 ἀντιπόρθμοις
528 2507 609 2571 πεδί’
634 2507 737 2586 ἔχουε’
763 2509 944 2587 εὐδαίμονα,
968 2509 1001 2572 αἲ
1025 2509 1089 2573 αί”.

113 2616 156 2679 ὼε
185 2616 246 2694 γὰρ
275 2616 423 2693 παρέλκει
452 2616 489 2678 τὸ
518 2616 550 2678 αἳ
580 2615 611 2678 αἲ
640 2617 690 2678 καὶ
719 2616 756 2678 τὸ
780 2619 842 2694 φεῦ
867 2615 988 2692 ἐνθάδε,
1023 2615 1109 2680 οὕτω
1134 2620 1229 2682 καὶὸ

113 2727 277 2800 πανταχοῦ
302 2722 403 2800 μάτην
427 2723 661 2802 ἑμβαλλόμενοε
684 2722 862 2800 εύνδεεμοε.
902 2746 1099 2803 quamquam
1116 2731 1230 2790 insunt

112 2837 214 2894 multa
237 2836 365 2905 menda,
403 2836 442 2892 de
467 2851 564 2893 sensu
588 2835 730 2893 dubitari
759 2835 886 2909 nequit:
922 2837 978 2909 qui
1002 2831 1040 2908 δή
1065 2842 1097 2894 et
1121 2831 1159 2894 νύ
1183 2869 1230 2878 -

44 2954 49 2961 ·
112 2944 144 3000 hi
168 2943 255 3000 enim
279 2948 354 3000 sunt
378 2935 542 3014 εόνδεεμοι
565 2937 888 3015 παραπληραιματικοί
904 2974 948 2982 -
964 2961 1006 3001 ex
1023 2960 1229 3018 supervacuo

112 3050 278 3119 adhibent,
315 3066 380 3107 nen
408 3050 515 3107 minus
544 3050 752 3123 vituperandi
777 3058 851 3107 sunt
875 3067 972 3123 quam
997 3059 1133 3121 actores,
1170 3054 1228 3126 qui

112 3157 257 3229 quolibet
280 3157 351 3214 loeo
374 3157 653 3214 interiectionibus
682 3173 724 3214 cx
751 3158 953 3231 supervacuo
977 3164 1122 3216 utuntur.
1170 3161 1228 3232 qui

111 3269 177 3319 tam
201 3269 353 3320 accurate
378 3263 527 3319 distinxit
550 3263 636 3320 inter
652 3264 905 3333 coniunctiones
930 3271 1064 3337 potesne
1080 3266 1140 3322 tibi
1156 3283 1228 3340 per-

112 3370 249 3426 suadere
273 3387 347 3427 eum
372 3375 496 3427 ceteras
519 3371 674 3428 orationis
698 3376 806 3444 partes
829 3371 1025 3447 neglexisse,
1061 3389 1135 3430 eum
1163 3391 1228 3432 scr-

111 3493 206 3533 vasse
230 3477 450 3552 angustiorem
479 3478 623 3550 priorum
652 3476 855 3535 doctrinam?
901 3483 977 3535 ante
1001 3478 1227 3539 Aristarchum

112 3584 323 3656 compositam
356 3583 456 3641 fuisse
490 3585 670 3641 doctrinam
704 3585 744 3641 dc
779 3589 851 3642 octe
887 3585 1034 3659 partibus
1069 3587 1227 3646 orationis

111 3691 257 3765 generali
281 3691 386 3766 magis
410 3691 668 3749 consideratione
693 3692 843 3749 commoti
860 3693 1120 3766 postulabamus3
1145 3693 1226 3753 Stoi-

111 3798 158 3854 cis
181 3797 242 3854 hec
266 3798 475 3855 tribuendum
499 3813 563 3854 non
588 3814 657 3855 csse
681 3798 837 3870 vidimus3
870 3799 934 3855 iam
958 3816 978 3855 a
1002 3798 1225 3874 Theophrasto

111 3905 219 3977 plures
243 3912 352 3978 partes
377 3921 473 3977 quam
497 3909 650 3976 quattuor
674 3910 810 3962 statutas
839 3922 909 3962 esse
937 3911 1076 3963 testatur
1099 3906 1225 3981 Simpli-

111 4012 195 4083 cius3
231 4012 471 4085 Praxiphanem
495 4017 624 4085 practer
647 4012 853 4070 Aristotelem
880 4013 1019 4087 legimus
1048 4014 1224 4087 perfecisse

110 4119 357 4192 grammaticam
381 4136 514 4192 novam;
550 4119 770 4176 testimonium
794 4121 863 4178 eius
886 4120 993 4178 laudis
1017 4137 1037 4176 a
1059 4120 1224 4180 Demetrio

110 4231 275 4284 servatum
299 4227 392 4284 attuli
416 4256 460 4265 —
483 4243 560 4285 num
584 4226 680 4285 nimis
705 4226 821 4285 debilis
846 4234 894 4287 est
910 4227 1098 4288 coniectura
1114 4245 1134 4285 a
1148 4229 1224 4287 Pra-
