2594 5174
567 303 726 358 -pg„

87 487 155 546 fere
185 489 263 546 nihil
293 489 480 549 addendum
510 491 718 564 relinqueret,
753 509 795 549 an
823 491 1009 549 adhibuerit
1035 508 1136 550 unam
1160 509 1205 550 ex
1242 520 1245 525 ·

88 596 325 655 recentioribus
348 596 585 672 Peripateticae
608 593 680 670 περὶ
704 593 818 657 λέξεω(
842 599 1010 656 doctrinae
1038 605 1075 655 ut
1102 599 1209 657 verbo

88 708 162 761 utar
193 703 401 762 editionibus
448 705 518 779 ipso
548 705 771 779 Theophrasto
804 723 879 764 eum
911 722 975 763 non
1007 722 1079 763 esse
1109 721 1208 764 usum

87 811 304 869 certissimum
334 811 427 879 duco,
463 812 608 885 alioquin
638 813 737 870 etiam
767 813 974 871 Aristotelem
1002 813 1121 889 legisse
1151 830 1209 887 pu·

87 917 206 974 tandus
230 924 324 985 esset,
349 918 405 991 qui
426 936 445 975 a
461 918 684 992 Theophrasto
699 920 859 977 nominari
882 936 947 977 non
970 921 1089 994 potuit3
1113 920 1208 993 atqui

88 1024 183 1082 huius
206 1025 331 1083 farinae
356 1026 494 1100 scriptor
509 1042 574 1084 non
590 1036 693 1093 curat,
714 1043 797 1099 quae
819 1027 860 1084 sit
876 1026 1044 1085 doetrinae
1061 1027 1208 1107 historia,

87 1138 176 1189 certe
200 1132 285 1207 sugit
308 1133 418 1207 legero
434 1132 651 1190 Aristotelem.
687 1134 820 1208 legisset
844 1133 942 1191 etiam
965 1133 1209 1208 Praxiphanem

89 1232 122 1312 (ἕ
139 1231 207 1312 57),
232 1246 267 1297 ut
290 1240 437 1297 omittam
461 1257 582 1308 omnes,
609 1240 650 1298 de
674 1240 793 1313 quibus
816 1241 869 1298 rel
893 1241 995 1314 possit
1018 1241 1090 1313 quis
1113 1241 1209 1299 dubi-

88 1354 167 1403 tare.
214 1352 328 1404 contra
357 1363 431 1405 eum
460 1347 611 1421 ponimus
640 1356 807 1407 auctorem
839 1349 909 1406 eius
939 1349 1041 1406 fuisse
1073 1348 1209 1407 doctum

88 1453 251 1526 quendam
275 1453 446 1523 hominem,
480 1454 537 1528 qui
560 1455 663 1512 altero
687 1473 716 1512 a.
740 1454 813 1514 Chr.
837 1456 967 1514 saeculo
991 1455 1110 1513 librum
1134 1452 1209 1528 περὶ

88 1554 202 1618 λέξεως
226 1561 393 1634 scripserit
416 1561 505 1618 nisus
529 1561 752 1635 Theophrasto
780 1562 936 1620 adhibitis
964 1563 1062 1619 etiam
1085 1562 1208 1621 Aristo-

88 1667 152 1725 tele
182 1667 330 1740 aliisque,
365 1668 454 1725 clara
483 1674 558 1726 sunt
587 1669 706 1726 omnia.
752 1685 857 1742 neque
884 1669 969 1727 ullus
990 1670 1080 1727 locus
1104 1668 1208 1729 Theo

88 1775 212 1848 phrasti
241 1775 370 1832 nomino
399 1775 573 1850 insignitus
600 1792 619 1832 a
642 1775 806 1833 Demetrio
836 1792 908 1833 eam
937 1776 1053 1835 suadet
1080 1783 1208 1835 senten-

89 1881 178 1950 tiam,
202 1897 299 1955 quam
323 1899 384 1958 ego
407 1883 573 1958 impugno
597 1914 640 1921 —
664 1883 792 1941 accedit
810 1883 958 1940 alterum.
993 1899 1045 1940 me
1060 1883 1172 1942 iudice
1188 1902 1208 1942 a

89 1988 313 2063 Theophrasto
342 1989 452 2047 vitiosi
485 1989 675 2048 elocutionis
708 1990 1001 2048 characteres
1033 2006 1097 2048 non
1130 1997 1207 2050 sunt

90 2097 203 2156 statuti
226 2095 282 2170 (01.
299 2113 374 2172 pag.
387 2091 452 2169 21).
492 2097 582 2170 atqui
605 2104 724 2154 norunt
746 2097 880 2154 vitiosos
903 2097 1109 2156 characteres
1132 2096 1208 2156 Cor·

88 2204 216 2264 nificius
239 2204 284 2263 IV
302 2197 343 2261 15
367 2196 575 2262 “sufflatum''
596 2200 734 2272 (confine
758 2204 852 2279 gravi
876 2199 1010 2280 generi),
1042 2198 1083 2262 16
1107 2197 1206 2264 “fiuc-

89 2320 184 2371 tuans
200 2319 232 2370 et
249 2304 464 2371 dissolutum''
482 2308 621 2385 (confine
637 2308 816 2385 mediocri),
841 2304 1030 2388 “exsangue
1047 2317 1080 2370 01
1095 2306 1207 2372 exile’'

86 2416 225 2494 (confine
242 2415 434 2493 attenuato);
459 2426 492 2478 et
504 2419 608 2479 Varro
626 2415 726 2494 (apud
743 2418 882 2478 Gellium
898 2419 944 2478 VI
962 2413 1012 2488 14,
1025 2413 1059 2492 ὁ)
1082 2412 1206 2478 “suffla-

87 2536 165 2596 tum,
190 2519 373 2586 tumidum”
396 2524 590 2602 (oppositum
613 2521 728 2599 uberi),
758 2519 942 2599 “squalens
967 2520 1205 2585 ieiunidieum''

86 2631 280 2709 (oppositum
293 2630 430 2710 gracili),
455 2627 640 2692 “incertum
656 2642 688 2691 et
704 2625 917 2708 ambiguum’'
930 2630 1123 2707 (oppositum
1139 2651 1205 2694 me-

88 2738 212 2815 diocri),
237 2758 321 2814 quae
337 2772 380 2780 —
396 2741 523 2801 omissis
547 2741 664 2799 mediis
680 2741 856 2817 generibus
871 2770 914 2779 -
932 2746 1114 2816 congruunt
1130 2757 1206 2800 cum

87 2849 318 2909 Demetrianis:

194 2950 432 3030 μεγαλοπρεπές
455 2987 499 2996 -
522 2950 649 3028 ψυχρόν
672 2951 705 3027 (i.
730 2973 758 3013 e.
783 2948 994 3028 ὑπερβάλλον,
1019 2949 1109 3028 114);

194 3058 301 3137 ἰεχνόν
323 3094 367 3104 -
390 3057 496 3136 Ξηρόν.
519 3057 636 3138 (δεινὸς
659 3058 821 3136 χαρακτὴρ
844 3079 909 3120 000
932 3062 1037 3138 magis
1055 3062 1118 3121 huc
1134 3079 1207 3137 per·

246 3173 328 3230 tinet
349 3188 447 3245 quam
470 3165 661 3244 γλαφυρός.)

88 3297 166 3357 ergo
190 3287 264 3338 ante
287 3279 469 3339 Varronem
493 3285 525 3336 01
549 3277 756 3337 Cornificium
779 3277 889 3335 vitiosi
913 3278 1118 3334 characteres
1142 3277 1207 3336 elo-

88 3387 226 3446 cutionis
250 3387 416 3445 constituti
441 3391 515 3444 sunt
538 3416 582 3424 —
606 3402 689 3458 quae
713 3385 859 3458 profecto
882 3399 947 3441 non
971 3388 1041 3441 erat
1067 3385 1206 3442 mutatio

88 3495 222 3571 grandis
245 3510 306 3551 000
330 3493 480 3562 difficilis,
505 3493 582 3565 quia
605 3497 734 3566 praesto
759 3492 823 3548 iarn
847 3497 939 3548 erant
960 3490 1206 3564 Theophrastea

88 3603 129 3660 de
152 3602 329 3660 virtutibus
359 3601 549 3658 elocutionis
576 3600 731 3672 vitiisque
754 3599 882 3656 vicinis
906 3628 949 3636 -
973 3599 1060 3671 quod
1083 3597 1204 3672 Diony·

88 3709 155 3768 sius
170 3726 234 3766 000
251 3715 481 3766 commemorat
496 3707 630 3765 vitiosos
654 3707 925 3775 characteres,
951 3706 1008 3762 sed
1029 3705 1205 3777 qualitates

88 3821 223 3883 tantum,
246 3816 321 3873 inde
345 3816 577 3889 explicandum
597 3815 737 3884 videtur,
763 3815 849 3887 quod
865 3814 972 3888 ipsum
988 3812 1205 3886 Theophrasti

88 3939 168 3997 opus
198 3928 230 3980 ot
258 3923 293 3979 id
321 3922 453 3995 quidem
482 3939 583 3980 unum
616 3921 765 3979 adhibuit
798 3921 832 3978 in
866 3920 1049 3978 scribendo.
1096 3935 1203 3992 neque

88 4030 184 4099 enim,
209 4029 297 4102 quod
320 4029 384 4086 feei
407 4029 440 4086 in
465 4008 629 4098 Cicerone,
655 4029 805 4087 dubitare
829 4029 915 4098 11001,
940 4025 1204 4101 11100010οΤ11οο-

88 4138 256 4212 phrasturn
288 4136 419 4211 legerit3
455 4137 535 4212 legit
568 4137 665 4194 etiam
689 4136 872 4194 Aristotelis
906 4141 1008 4192 artem
1040 4133 1123 4190 rhet.
1147 4128 1202 4207 (ef.

88 4245 181 4320 epist.
198 4243 213 4303 I
230 4244 273 4302 ad
289 4238 416 4318 Amm.)
439 4274 484 4283 --
508 4243 648 4318 denique
672 4244 808 4303 forsitan
824 4243 967 4302 fructum
983 4239 1202 4317 percipiamus
