2594 5174
540 282 728 334 48-

92 463 152 546 τὴν
175 462 246 540 περὶ
269 461 441 525 corticem<
465 465 530 525 τῶν
554 461 723 540 ὀνομάτων
747 463 963 539 πραγματείαν
988 463 1128 538 ὀλίγον(1
1153 464 1211 542 μὲν
1245 534 1248 541 ,

38 552 41 557 ’
92 569 143 632 ἐπὶ
167 572 246 633 νοῦν
269 569 432 644 ἐλθοῦεαν,
469 568 536 632 ὀτοι
560 573 624 633 τῶν
653 568 796 646 ἀρχαίων
821 569 987 647 ῥητορικὰ(
1012 571 1030 647 ἢ
1056 574 1209 634 διαλεκτι-

92 677 170 754 κὰςῖ
193 677 397 754 (υνέγραψαν
420 676 541 754 τέχνατ,
566 676 673 739 οὐδενὶ
697 673 725 739 δ’
750 675 886 755 ἀκριβῶ(
903 674 972 739 οὐδ’
990 676 1209 754 ἀποχρώντως

25 838 29 854 ,
92 783 181 861 μέχρι
205 786 261 846 τοῦ
286 783 455 861 παρόντοτ,
479 783 522 846 ὡ(
547 783 609 858 ἐγὼ
634 783 790 860 πείθομαι.
830 782 886 846 ἐὰν
911 780 938 845 δ’
964 783 1131 860 ἐγγένηταί
1155 804 1208 861 μοι

90 890 196 967 (χολή,
231 891 281 953 καὶ
310 891 382 968 περὶ
411 895 465 968 τῆ(
496 890 627 967 ἐκλογῇ(
657 892 722 953 τῶν
752 889 920 968 ὀνομάτων
953 891 1064 967 ἑτέραν
1098 890 1208 955 ἐξοίτω

91 998 159 1060 τοι3
182 996 320 1075 γραφήν,
353 996 407 1060 ἵνα
431 998 487 1060 τὸν
512 997 655 1060 λεκτικὸν
678 996 779 1060 τόπον
809 997 936 1061 τελείως
967 997 1208 1074 ἐξειργατμένον

91 1103 171 1187 ἔχῃς.
211 1110 237 1167 si
262 1110 356 1167 alteri
380 1126 477 1182 quam
501 1126 535 1166 se
558 1109 754 1183 scripturum
778 1110 936 1183 promittit
960 1109 1044 1183 parti
1069 1126 1104 1168 re
1128 1126 1208 1168 vera

91 1215 204 1274 titulus
227 1217 457 1291 praefigendus
480 1222 549 1274 erat
573 1211 644 1288 περὶ
668 1215 722 1288 τῆ(
747 1211 887 1288 ἐκλογῆτ,
911 1217 1025 1273 iudicii
1050 1217 1090 1274 de
1114 1217 1207 1275 Dem.

65 1339 165 1409 'pars
189 1324 294 1397 prima
316 1319 369 1395 (de
394 1323 584 1381 elocutionis
607 1324 792 1398 generibus,
822 1340 850 1380 ο.
878 1317 996 1396 1-34)
1020 1340 1084 1381 non
1108 1324 1209 1382 habet

65 1446 153 1503 ¹quo
177 1430 347 1488 referatur.
383 1446 459 1487 nam
483 1446 679 1502 quamquam
703 1430 736 1486 in
761 1431 941 1488 elocutione
965 1431 1119 1504 primario
1136 1431 1208 1489 loeo

90 1541 255 1609 spectatur
279 1537 423 1594 delectus
447 1537 632 1604 verborum,
658 1543 765 1594 tamen
783 1554 825 1594 ex
842 1537 908 1595 iud.
927 1538 967 1594 de
983 1537 1074 1595 Dein.
1092 1538 1209 1604 videre

90 1643 166 1701 lieet
190 1618 392 1715 aliquantum
416 1659 486 1700 esse
510 1643 665 1701 orationis
689 1643 900 1715 continuae*;
937 1644 1000 1701 nisi
1025 1644 1098 1717 quis
1122 1645 1209 1703 t'orte

198 1829 208 1867 ¹
228 1831 330 1896 ὀλίγον(
351 1831 450 1900 codd,
471 1832 523 1884 οὐκ
543 1831 645 1895 ὀλίγοι(
664 1831 747 1901 vulg.

197 1919 209 1956 2
228 1922 398 1974 blaterando
416 1920 451 1988 Ἐς
472 1923 516 1973 καὶ
535 1921 661 1974 λεκτικὰς
680 1920 703 1972 Ρ
813 1918 824 1954 ³
844 1938 884 1974 τοι
905 1938 960 1974 om.
981 1922 1003 1974 F

197 2010 212 2042 *
231 2009 324 2063 Nimis
344 2010 489 2063 audacter
508 2007 691 2062 Altschulius
710 2009 767 2072 (De
786 2009 929 2064 Demetrii
949 2012 1076 2064 rhetoris
1096 2018 1208 2078 aetate,

89 2099 169 2168 Lips.
191 2099 267 2153 1889.
287 2116 315 2168 p.
334 2099 379 2163 28)
401 2099 554 2152 contendit
573 2099 675 2150 iudicii
697 2099 734 2152 de
753 2099 837 2152 Dem.
860 2101 962 2167 primis
983 2100 1108 2152 XXXIV
1128 2103 1210 2169 capi-

89 2188 170 2242 tibus
183 2189 224 2241 nil
238 2189 367 2258 spectari
387 2190 443 2241 nisi
464 2189 583 2252 ἐκλογὴν
601 2192 659 2240 των
679 2188 833 2253 ὀνομάτων.
855 2218 887 2225 -
908 2195 1041 2242 ceterum
1056 2187 1209 2243 Cornificii

25 2300 28 2305 ·
89 2277 164 2330 liber
192 2277 240 2343 IV,
272 2278 358 2330 cuius
388 2277 542 2345 dispositio
574 2282 603 2331 et
632 2277 789 2329 consilium
818 2278 923 2330 similia
955 2284 1024 2330 sunt
1053 2277 1210 2333 Ciceronis

90 2366 216 2432 Oratori,
236 2367 407 2420 testimonio
428 2371 472 2419 est
485 2365 622 2434 Dionysii
637 2367 735 2419 λέξεω(
754 2370 931 2433 χαρακτῆρα(
949 2368 992 2419 sic
1010 2373 1043 2420 ut
1062 2383 1120 2434 ego
1140 2385 1209 2436 pro·

89 2457 177 2524 posui
196 2456 415 2524 intellegendos
435 2472 508 2522 esse,
538 2456 619 2518 §lllz
648 2456 811 2523 “bipertita
836 2457 930 2524 igitur
955 2458 1010 2509 orii
1035 2458 1122 2509 nobis
1150 2458 1210 2510 elo-

89 2545 216 2598 cutionis
236 2546 418 2614 praeceptio.
438 2546 566 2613 primum
587 2545 721 2598 dicemus
741 2545 851 2613 quibus
870 2546 900 2597 in
915 2547 1079 2614 generibus
1098 2548 1208 2600 verbo-

88 2649 155 2686 rum
175 2633 271 2705 (codd.
293 2649 409 2702 eorum,
435 2650 489 2688 em.
509 2633 637 2702 Kayser)
662 2649 779 2703 semper
800 2635 894 2687 omnis
918 2637 1049 2688 oratoria
1074 2636 1207 2690 elocutio

89 2722 198 2775 debeat
217 2737 295 2791 esse,
315 2723 424 2776 deiude
444 2723 643 2789 ostendemus,
665 2738 741 2791 quas
754 2738 801 2776 res
816 2739 933 2792 semper
953 2725 1064 2777 habene
1085 2725 1205 2778 delicat.

88 2816 158 2864 sunt
177 2813 270 2880 igitur
289 2813 346 2864 tria
365 2828 488 2881 genera,
509 2828 587 2880 quae
610 2828 725 2881 genera
744 2828 799 2866 uos
818 2813 933 2880 figuras
953 2814 1148 2882 appellamus,
1175 2817 1207 2868 iu

89 2901 199 2968 quibus
219 2901 314 2954 omnis
334 2903 430 2954 oratio
450 2918 512 2954 non
531 2903 641 2955 vitiosa
661 2902 860 2955 consumitur:
889 2917 981 2954 unam
1000 2919 1135 2971 gravem,
1166 2905 1207 2957 al-

88 2995 184 3043 teram
202 2990 392 3056 mediocrem,
412 2991 532 3043 tertiam
552 2993 747 3044 extenuatam
761 3007 914 3044 vocamus.
935 2993 1039 3061 gravis
1053 3000 1105 3058 cst,
1125 3010 1207 3061 quae

89 3084 206 3133 constat
232 3095 270 3132 ex
298 3080 461 3132 verborum
490 3081 631 3148 gravium
658 3085 686 3133 et
708 3079 766 3132 levi
787 3087 817 3133 et
844 3088 952 3134 ornata
981 3084 1206 3137 constructione

88 3171 206 3231 (moneo
225 3168 503 3221 ‘constructionem’
521 3184 583 3222 uon
602 3168 681 3221 idem
701 3184 766 3222 esse
780 3185 816 3221 ac
830 3168 1015 3223 Graecorum
1035 3171 1204 3236 άρμονίανί).

87 3256 246 3310 mediocris
266 3263 317 3322 est,
338 3272 417 3324 quae
437 3263 554 3310 constat
574 3273 611 3310 ex
631 3252 789 3310 humiliore
810 3274 909 3326 nequo
923 3266 1023 3312 tamen
1044 3276 1081 3312 ex
1102 3261 1205 3314 infima

88 3351 118 3400 et
136 3347 401 3415 pervulgatissima
420 3347 583 3399 verborum
603 3346 751 3414 dignitate
770 3364 813 3414 sq.
841 3348 871 3399 in
895 3350 983 3416 gravi
1010 3357 1205 3403 consumetur

89 3436 184 3489 oratio
204 3435 311 3504 figura,
332 3437 355 3487 si
370 3451 449 3502 quae
463 3436 609 3502 cuiusque
623 3436 665 3487 rei
680 3441 822 3503 poterunt
837 3438 1071 3489 ornatissima
1091 3440 1204 3492 verba

87 3525 220 3593 reperiri,
250 3525 315 3577 sive
338 3525 461 3592 propria
485 3525 549 3577 sive
569 3530 723 3590 extranea,
751 3525 789 3576 ad
809 3540 1055 3593 unamquamque
1074 3543 1137 3580 rem
1158 3544 1204 3580 ac-

88 3613 368 3679 commodabuntur,
398 3614 469 3666 etsi
489 3629 623 3681 graves
643 3615 860 3680 sententiae,
890 3630 969 3681 (μμιο
988 3616 1018 3666 in
1043 3617 1204 3684 amplitica-

87 3703 169 3757 tione
188 3707 218 3756 ot
237 3703 496 3756 commiseratione
515 3707 691 3768 tractantur,
722 3703 879 3771 eligentur,
905 3712 934 3756 ct
953 3705 977 3756 si
997 3706 1204 3759 exornatio-

87 3808 149 3846 nes
163 3793 433 3846 sententiarum
447 3797 511 3844 aut
528 3792 729 3858 verborum,
750 3807 829 3859 quac
842 3793 1024 3860 gravitatem
1038 3794 1203 3861 habebunt,

88 3881 256 3949 dequibus
276 3885 344 3949 post
364 3881 505 3946 dicemus,
531 3876 785 3933 adhibebuntu1·.'’
822 3880 930 3934 deiude
951 3887 965 3945 ,ξ
988 3883 1020 3935 17
1040 3884 1204 3951 exponitur

87 3969 184 4038 “quas
211 3970 394 4023 res.debeat
417 3969 530 4023 habere
559 3969 719 4023 elocutio
752 3970 937 4023 commoda
962 3977 995 4024 et
1021 3975 1204 4040 perfecta:

88 4064 158 4113 sunt
177 4059 337 4127 elegantia,
358 4059 542 4127 compositio,
564 4059 722 4127 diguitas'’.
761 4052 910 4112 Cornificii
934 4066 1087 4114 auctorem
1108 4061 1204 4116 Theo-

88 4148 230 4217 phrastea
249 4147 369 4201 tradere
387 4164 448 4201 non
468 4164 504 4201 ea
527 4148 648 4216 quidem
662 4163 700 4201 ex
714 4149 778 4216 ipso
799 4149 915 4215 hausta,
936 4150 988 4202 sed
1008 4150 1203 4204 multifariam

87 4240 203 4291 mutata
223 4253 276 4306 per
295 4237 404 4292 multos
423 4237 537 4292 rivulos
557 4229 709 4306 accepisse
729 4242 842 4292 certum
862 4239 931 4291 miln
952 4248 1004 4292 est.
