2654 5226
577 694 752 750 „12-

151 879 189 938 V.
215 880 255 937 de
279 881 518 954 compositionis
535 882 743 957 generibus*.

214 1005 242 1046 a.
268 1003 335 1061 χαρ.
360 982 514 1060 αὐετηρό(
539 984 742 1062 (Aeschylus,
766 990 935 1059 Pindarus,
961 988 1197 1065 Thucydides).

213 1097 244 1153 b.
269 1089 1219 1170 thuaneo((Hesiodus,Sapphohnaorcon,Isocratesete).

213 1220 240 1261 c.
270 1196 385 1274 μικτόε,
409 1197 509 1273 με’(οε,
533 1197 638 1260 κοινός
660 1195 833 1280 [εὔκρατος]
859 1199 1040 1276 (Homerus,
1066 1205 1222 1263 Stesicho-

269 1326 334 1378 rus,
370 1309 519 1380 Alcaeus
551 1309 734 1384 Sophocles,
759 1310 952 1381 Herodotus
978 1312 1220 1382 Demosthenes

267 1416 358 1474 Plato
383 1411 466 1489 ete).

212 1525 316 1583 Huius
341 1524 536 1598 systematis,
572 1524 731 1598 imprimis
761 1525 979 1583 distinctionis
1009 1525 1094 1583 inter
1118 1527 1221 1584 elocu-

106 1633 202 1690 tionis
237 1639 269 1689 ct
304 1631 544 1705 compositionis
577 1648 698 1707 genera
726 1649 746 1689 a
775 1632 996 1706 Theophrasto
1026 1650 1077 1691 me
1114 1634 1221 1691 iudice

106 1740 272 1797 institutae
307 1739 333 1795 si
369 1738 468 1796 etiam
495 1740 582 1812 apud
605 1739 686 1796 alios
710 1739 884 1812 scriptores
909 1745 999 1796 certa
1022 1740 1144 1798 indicia
1168 1759 1222 1798 cx-

105 1852 201 1915 stant,
225 1862 290 1904 non
314 1846 379 1903 iam
396 1845 530 1904 difficile
546 1846 664 1919 poterit
681 1863 753 1905 esse
769 1846 940 1904 restituero
957 1845 1220 1920 Theophrastcae

105 1948 176 2026 περὶ
201 1946 314 2012 λέξεως
339 1952 506 2010 doctrinae
530 1958 640 2026 partes
663 1952 888 2026 amplissimas

211 2060 262 2117 Ad
286 2058 474 2118 Ciceronem
509 2064 647 2128 transeo,
687 2060 721 2117 in
757 2060 849 2118 cuius
886 2060 1015 2134 scriptis
1050 2061 1221 2118 rhetoricis

61 2236 63 2245 ,
104 2167 393 2241 Peripateticorum
428 2166 569 2242 vestigia
604 2166 727 2225 dudum
763 2174 986 2242 cognoverunt
1021 2167 1084 2223 viri
1121 2168 1218 2225 (loeti.

105 2274 160 2347 qui
195 2273 388 2341 meminerit,
424 2273 503 2346 quid
528 2272 662 2331 Oratore
698 2290 754 2331 suo
778 2274 909 2331 efficere
933 2274 1073 2332 voluerit
1097 2273 1218 2343 Cicero,

65 2450 69 2456 ,
104 2397 168 2438 non
192 2381 373 2449 mirabitur,
410 2381 497 2453 quod
520 2380 623 2438 solum
646 2381 686 2438 <le
711 2380 913 2449 elocutionis,
943 2397 1007 2437 non
1031 2381 1071 2438 dc
1096 2397 1220 2454 compo-

106 2488 230 2545 sitionis
254 2488 381 2546 tribus
404 2487 579 2563 generibus
603 2487 755 2560 loquitur.
795 2481 874 2560 §3:
905 2480 1072 2560 “quaeris
1089 2530 1095 2544 .
1111 2531 1117 2543 .
1132 2489 1220 2559 quod

105 2595 318 2668 eloquentiae.
336 2611 440 2670 genus
468 2596 602 2668 probem
625 2578 767 2653 maxime
791 2601 823 2652 et
847 2595 942 2667 quale
965 2595 1044 2652 mihi
1067 2595 1220 2654 videatur

104 2702 195 2771 illud,
221 2719 284 2774 quo
300 2701 380 2758 nihil
401 2701 479 2759 addi
503 2701 614 2775 possit,
639 2702 726 2774 quod
750 2718 810 2776 ego
828 2718 988 2759 summum
1005 2707 1036 2759 et
1053 2703 1217 2775 perfectis-

105 2809 221 2866 simum
245 2800 417 2866 iudicem.''
442 2802 578 2881 (araba.)
624 2803 666 2866 68
681 2826 745 2881 sq:
770 2800 958 2884 “seiunctus
983 2809 1084 2884 igitur
1112 2817 1220 2867 orator

66 2906 69 2911 ’
104 2932 124 2972 a
147 2915 409 2989 philosophorum
426 2916 619 2988 eloquentia,
637 2932 657 2971 a
673 2916 899 2989 sophistarum,
924 2916 965 2972 ab
982 2916 1219 2984 historicorum,

105 3039 124 3079 a
147 3028 316 3095 poetarum
351 3023 566 3096 explicandus
590 3029 639 3080 est
662 3023 755 3080 nobis
778 3023 883 3095 qualis
907 3024 1035 3081 iuturus
1060 3023 1110 3080 sit.
1159 3024 1220 3081 erit

104 3129 204 3205 igitur
239 3129 393 3201 eloquens
412 3171 418 3186 .
437 3171 444 3186 .
463 3172 469 3185 .
487 3130 514 3186 is
539 3130 593 3202 qui
618 3129 657 3186 in
681 3130 766 3186 foro
791 3130 1004 3202 causisque
1029 3130 1220 3188 civilibus

104 3237 150 3294 ita
172 3236 259 3293 dicet
282 3228 336 3294 ut”
360 3254 407 3310 sq.
432 3237 535 3294 fusius
559 3237 660 3311 igitur
683 3237 826 3308 loquitur
850 3237 890 3293 (lc
907 3237 1098 3294 elocutionis
1115 3238 1219 3294 tribus

104 3344 288 3419 generibus
313 3344 465 3416 quoniam
500 3344 665 3417 perfectus
700 3351 808 3400 orator
835 3350 982 3412 nonest,
1019 3344 1073 3416 qui
1099 3344 1132 3400 in
1155 3361 1219 3401 uno

104 3456 229 3509 tantum
254 3434 395 3519 excellit,
432 3452 490 3508 scd
525 3452 580 3523 qm
604 3451 739 3509 humilia
762 3450 934 3520 subtiliter,
971 3452 1038 3507 alta
1060 3451 1216 3526 graviter,

103 3558 280 3615 mediocria
314 3564 492 3631 temperate
516 3564 621 3632 potest
651 3557 759 3614 dicere
785 3551 926 3631 (100)**.
972 3574 1036 3614 non
1060 3559 1120 3615 hoc
1144 3575 1219 3630 qua-

210 3747 224 3779 i‘
244 3747 372 3816 Operam
387 3747 525 3815 perdunt,
545 3748 595 3815 qui
610 3752 715 3815 putent
727 3748 848 3815 singula
857 3747 957 3800 λέξεω(
971 3762 1085 3816 genera
1098 3762 1220 3814 respon·

104 3837 176 3890 dere
198 3837 363 3904 gencribus
387 3836 532 3903 ἁρμονίαις
562 3836 712 3889 diversam
737 3852 802 3889 csse
825 3837 972 3889 rationem
998 3837 1046 3887 vel
1073 3836 1144 3887 inde
1174 3851 1220 3888 co·

103 3926 267 3995 gnoscitur,
288 3925 370 3993 quorl
383 3927 617 3994 perfectissimus
632 3933 741 3991 orator,
762 3925 987 3991 Demosthenes,
1011 3925 1071 3976 illic
1089 3940 1149 3977 non
1171 3941 1220 3976 an-

102 4020 280 4068 numeratur
298 4015 350 4067 uni
370 4016 483 4083 generi,
504 4015 556 4068 sed
576 4016 751 4068 tribuuntur
769 4015 825 4082 ipsi
840 4015 939 4067 omnia
953 4030 1074 4082 genera,
1095 4013 1143 4065 hie
1156 4015 1220 4081 ipse

103 4090 278 4173 assignatur
295 4104 398 4156 mixto.
437 4104 536 4156 obstat
550 4105 640 4156 etiam
655 4103 824 4156 differentia
837 4104 868 4154 in
886 4110 996 4156 natura
1009 4103 1120 4170 posita:
1141 4118 1220 4169 (luae

102 4192 234 4260 ἁρμονία(
254 4197 416 4258 χαρακτῆρα
435 4193 577 4259 efficiunt,
598 4198 664 4246 arto
683 4199 752 4246 suut
766 4193 935 4259 elaborata3
956 4207 1034 4260 (quite
1055 4192 1162 4257 litenis,
1184 4208 1220 4244 ea

102 4284 133 4336 in
152 4283 316 4336 verborum
335 4286 445 4334 natura
465 4287 494 4334 et
512 4283 543 4333 vi
563 4287 733 4348 versantur,
759 4298 821 4334 non
840 4282 945 4348 utique
965 4298 1003 4334 cx
1023 4282 1120 4334 i'orma
1140 4287 1219 4333 exte-

101 4374 189 4439 riore,
219 4371 300 4439 quod
323 4372 356 4424 fit
379 4372 411 4423 in
440 4372 663 4439 compositione,
694 4371 746 4423 secl
766 4387 803 4423 ex
833 4370 1054 4439 significatione
1074 4376 1102 4422 et
1129 4385 1220 4422 sensu

102 4462 265 4516 verborum
293 4461 572 4527 sententiarumque
600 4461 753 4513 eveniunt.
792 4460 953 4525 Demetrio,
982 4460 1032 4526 qui
1053 4460 1220 4526 responsio·

102 4567 170 4605 nem
190 4550 347 4617 ‹quartsivit
369 4565 459 4616 quam
478 4565 539 4603 non
559 4551 737 4602 successerit
756 4565 813 4615 res,
832 4550 912 4601 infra
935 4548 1112 4601 videbimus.

194 4639 225 4670 Ἡ
244 4639 333 4694 Dion.
354 4639 391 4694 (le
410 4639 495 4693 Dem.
515 4639 557 4692 33.
578 4639 687 4706 ipsas:
713 4643 817 4694 τοῦτον
836 4638 1089 4702 (Demosthenem)
1109 4639 1139 4691 δὲ
1159 4638 1221 4690 ἑνὸς
