2594 5174
610 270 767 328 ..32..

130 458 216 520 inter
250 476 284 520 se
319 466 385 519 tres
417 459 490 520 illos
514 430 681 533 tractatae,
707 461 843 521 inseruit
866 460 969 520 verba
994 452 1113 520 1303b
1137 451 1251 519 6-15

132 574 164 627 et
190 562 308 626 1414a
331 562 496 627 29-30*.
665 630 669 641 ,
1272 564 1278 575 ’

55 669 57 673 ’
87 678 90 683 “
235 675 313 734 Dixi
336 676 513 752 Hermippo
541 676 686 734 nondum
709 682 819 734 notam
842 676 944 735 fuisse
967 676 1066 734 trium
1088 676 1251 735 librorum

130 788 243 853 artem,
279 799 353 841 oum
389 784 559 858 amplexus
589 800 792 842 communem
815 783 960 841 virorum
985 783 1154 842 doctorum
1179 799 1252 841 sen-

129 891 265 948 tentiam
288 890 331 948 ad
354 890 568 965 Hermippum
590 891 747 949 referrem
770 891 978 949 Laertianum
1000 888 1185 950 Aristotelis
1215 891 1251 948 li-

18 1074 21 1078 ,
130 998 263 1088 brorum
287 998 429 1055 indicem
452 991 523 1069 (782
553 992 665 1070 τέχνη(
690 991 856 1081 ῥητορικὴ(
880 989 934 1070 a&
958 991 1016 1055 87:
1041 993 1113 1070 περὶ
1132 990 1250 1057 λέξεαι(

130 1096 193 1177 ᾶβ).
229 1106 288 1163 sed
311 1105 433 1163 labitur
456 1092 644 1163 eonieotura
665 1122 747 1175 mea,
773 1106 801 1163 oi
824 1104 1250 1175 intereedentehndronioo

128 1210 298 1292 Hermippi
333 1211 437 1299 inderr
469 1212 563 1270 nobis
594 1217 742 1303 servatus
767 1216 825 1270 eet.
871 1212 1012 1270 Dielsius
1036 1207 1170 1286 (Archiv
1195 1211 1250 1270 fiir

129 1317 245 1378 Gesoh.
271 1320 302 1376 d.
326 1319 445 1379 Phiioa
469 1312 604 1393 1484)·.
646 1311 723 1378 “Die
758 1320 1007 1396 urspringliohe
1043 1308 1251 1395 Anordnung

129 1426 188 1484 der
210 1425 576 1502 Bibliothekskataioge,
601 1427 663 1485 wie
687 1427 733 1485 sie
757 1427 978 1485 Kallimaehos
1005 1428 1155 1503 gegeben
1178 1427 1250 1485 und

128 1533 286 1608 Hermipp
321 1535 355 1592 in
390 1534 479 1592 aeine
511 1528 577 1591 Βίοι
612 1534 864 1610 aufgenommen
898 1535 996 1604 hatte,
1018 1535 1158 1625 'soheint
1194 1534 1249 1592 die

129 1641 372 1714 alphabetisohe
396 1653 550 1717 genesen
573 1658 614 1699 zu
638 1642 718 1700 sein.
765 1641 860 1699 Diese
886 1640 1011 1700 Gestalt
1034 1642 1142 1699 haben
1165 1656 1194 1698 z.
1211 1641 1247 1699 B.

128 1747 182 1806 die
217 1747 517 1822 theophrastisohen
541 1748 786 1807 Verzeielmisse
820 1749 875 1806 bei
909 1749 1054 1806 Laertios
1088 1748 1247 1806 bewahrt.

50 1926 58 1945 Ι
127 1853 285 1930 Dagegen
308 1856 423 1931 zeigen
448 1855 501 1913 dio
518 1856 706 1914 erhaltenen
722 1856 982 1913 aristotelisohen
998 1855 1128 1914 Indiees
1145 1845 1248 1929 syste-

127 1961 284 2020 matisohe
308 1940 522 2037 Anordnung,
548 1963 600 2020 die
624 1979 688 2021 von
710 1963 817 2020 einem
832 1938 1041 2021 Faohmann'e
1057 1958 1121 2036 (ioh
1139 1962 1248 2021 denke

127 2085 169 2127 an
185 2044 413 2141 Andronikos)¹
429 2069 649 2128 herzuriihren
673 2061 827 2129 solreint.”
862 2070 923 2127 hoe
946 2084 1071 2143 nequeo
1096 2070 1247 2143 probare.

46 2170 50 2181 '
126 2176 268 2250 primum
291 2176 378 2233 enim
402 2175 489 2249 quod
507 2174 546 2234 de
568 2176 780 2251 Theophrasti
799 2176 964 2234 indicibus
980 2176 1105 2235 monuit
1120 2177 1249 2234 Vsener

126 2279 232 2356 (Anal.
258 2283 419 2357 Theophr.
442 2276 507 2356 22),
543 2283 630 2341 idem
659 2284 747 2342 valet
777 2284 810 2341 in
834 2283 1056 2341 Aristotelioo:
1077 2283 1247 2357 'quoniam

128 2391 247 2449 seimus
264 2390 487 2448 Andronicum
504 2391 712 2450 coniunxisse
728 2385 784 2448 τὰ(
808 2384 923 2449 οἰκεία(
948 2385 1118 2461 ὑποθέεειε,
1142 2390 1247 2449 nostri

73 2500 76 2505 '
126 2497 261 2567 indioeS,
298 2499 419 2572 quippe
443 2498 499 2571 qui
523 2498 668 2574 singulos
693 2515 789 2572 saepe
814 2504 972 2556 tractatus
996 2499 1175 2573 praebeant
1200 2515 1247 2557 se·

30 2640 35 2651 ·
127 2610 267 2678 paramo,
291 2621 365 2663 oum
389 2607 487 2664 etiam
511 2607 544 2663 in
567 2607 686 2665 nostris
710 2606 879 2666 eodioibus
904 2606 1068 2664 eoniuneti
1091 2606 1125 2663 in
1145 2623 1247 2665 unam

126 2713 344 2788 pragmatiam
367 2714 528 2790 legantur,
552 2730 617 2772 non
641 2720 716 2772 sunt
736 2694 942 2772 Andronici(
962 2714 1080 2771 deinde
1096 2713 1247 2773 Laertius

126 2819 256 2879 titulum
291 2822 426 2895 praebet
453 2814 519 2896 (59)
542 2815 581 2878 τὰ
604 2817 667 2894 πρὸ
691 2819 757 2880 τῶν
779 2816 890 2880 τόπων
914 2814 941 2892 ἃ,
977 2821 1032 2895 qui
1056 2820 1246 2880 Andronieo

127 2927 337 3002 displicebam
362 2927 474 3003 Simpl.
498 2929 532 2986 in
556 2935 661 3005 eateg.
685 2923 737 3004 (81
764 2947 784 2986 a
806 2923 849 2986 25
874 2929 924 2987 ed.
946 2923 1067 3003 aoad.):
1092 2924 1247 3001 Ζητητέον

125 3028 156 3091 τί
179 3029 299 3106 δήποτε
322 3029 374 3092 ἐπὶ
396 3034 442 3114 τῷ
465 3030 547 3093 τέλει
570 3033 636 3094 τῶν
661 3030 865 3108 Κατηγοριῶν
889 3032 989 3092 ταῦτα
1005 3029 1185 3108 πρόεκειται
1199 3081 1206 3094 .
1220 3081 1246 3094 ..

125 3136 208 3200 τινὲς
244 3137 300 3215 μὲν
328 3136 388 3214 γὰρ
424 3135 470 3200 ὧν
505 3138 556 3200 καὶ
580 3136 781 3215 Ἀνδρόνικόε
817 3137 879 3201 ἐντι
902 3136 989 3215 παρὰ
1012 3138 1071 3215 τὴν
1094 3137 1246 3216 πρόθεαν

125 3246 183 3306 τοῦ
200 3316 202 3320 ³
221 3244 341 3323 βιβλίου
371 3245 571 3321 προεκεῑεθαί
594 3265 690 3323 φαειν
714 3245 777 3308 ὑπό
801 3265 888 3308 τινα(
911 3248 1012 3307 ταῦτα
1034 3248 1091 3308 τοῦ
1116 3245 1154 3308 τὸ
1178 3249 1246 3310 τῶν

128 3351 331 3429 Κατηγοριῶν
356 3352 477 3431 βιβλίον
500 3352 572 3429 Πρὸ
595 3355 661 3416 τῶν
684 3353 794 3416 τόπων
822 3350 1110 3430 {inportatam
1134 3389 1179 3399 --
1203 3376 1244 3417 no

126 3548 339 3557 ...a-ffl—

233 3672 248 3704 ss
268 3670 441 3725 Transitum
466 3672 517 3741 qui
542 3676 586 3726 est
606 3671 675 3726 1403
694 3671 760 3727 a34
780 3702 812 3710 —
832 3671 882 3726 ba
907 3687 968 3725 non
997 3671 1097 3726 tribuo
1126 3670 1245 3727 Andro·

126 3760 203 3829 nico,
223 3763 311 3815 sicuti
331 3762 547 3828 confusionem,
568 3777 659 3830 quam
678 3764 710 3815 in
728 3762 804 3815 libro
818 3761 847 3814 Π
867 3762 982 3816 detexit
995 3761 1183 3832 Spengeiirta
1204 3765 1244 3818 ab

126 3852 190 3904 eiua
211 3850 343 3905 editione
363 3852 492 3904 alienam
512 3852 605 3906 fuisse
622 3857 705 3921 puto.

217 3940 248 3972 ⁹⁶*
267 3939 321 3993 His
341 3941 520 4010 computatis
533 3957 595 3994 non
608 3957 730 4010 possum
744 3957 805 3994 non
818 3943 940 4009 reicere,
961 3941 1042 4011 quod
1058 3941 1244 4010 Bernaysius

127 4029 198 4082 dicit
220 4029 360 4099 (Dialoge
380 4047 407 4099 p.
428 4029 504 4095 134);
532 4028 737 4085 “Ausserdem
762 4033 875 4100 spricht
899 4034 948 4085 t'iir
975 4032 1023 4085 die
1046 4030 1245 4085 Autorsehaft
1277 4078 1286 4095 ,

126 4117 179 4171 des
198 4116 392 4173 Andronikos
417 4120 470 4173 der
490 4119 550 4186 Ort,
580 4137 619 4174 an
647 4121 789 4174 welehem
816 4121 864 4174 die
883 4121 1089 4190 Kategorieen
1110 4121 1175 4174 und
1194 4106 1267 4175 <lie¹

126 4205 235 4262 Schrit't
254 4209 324 4276 Περὶ
344 4208 489 4275 ἑρμηνεία(
509 4209 687 4277 aufget'iihrt
708 4209 788 4278 sind;
818 4212 862 4264 sie
886 4212 990 4264 stehen
1010 4211 1070 4263 fast
1089 4225 1137 4262 am
1158 4210 1243 4264 Ende
