2594 5174
602 1149 760 1230 Vita.

230 1480 333 1538 Natus
366 1495 436 1538 sum
465 1479 560 1555 Hugo
584 1479 673 1537 Rabe
703 1478 920 1536 Hannoverae
948 1493 977 1534 a.
1007 1477 1038 1534 h.
1069 1493 1094 1534 s·
1121 1476 1242 1535 LXVII

124 1605 153 1644 a.
178 1588 209 1644 d.
234 1587 262 1646 V
286 1587 334 1643 ld.
358 1586 461 1660 April.
484 1592 576 1660 patre
599 1585 756 1661 Augusto,
787 1585 844 1658 qui
873 1590 948 1642 ante
971 1585 1029 1642 hos
1051 1583 1116 1642 XII
1140 1599 1242 1643 annos

123 1695 241 1752 aeerbo
252 1694 319 1750 fato
332 1694 410 1750 mihi
424 1699 553 1768 ereptus
567 1698 624 1762 est,
641 1698 746 1750 matre
758 1692 931 1750 Iohannae
944 1697 1042 1768 gente
1054 1689 1242 1750 Geisenhof.

122 1800 198 1879 fidei
223 1801 373 1858 addictus
397 1817 468 1858 sum
492 1800 714 1874 evangelicae.

229 1907 403 1980 Postquam
432 1906 648 1965 Hannoverae
672 1923 732 1981 per
765 1922 883 1965 novem
918 1922 1020 1964 annos
1043 1905 1189 1980 Lyceum
1212 1905 1243 1964 II

126 2014 343 2087 frequentavi,
367 2014 563 2072 maturitatis
592 2014 775 2072 testimonio
799 2013 976 2072 instructus
999 2029 1078 2071 vere
1101 2028 1132 2069 a.
1157 2004 1243 2070 1885

127 2119 314 2196 Gottingam
337 2138 389 2179 me
413 2121 545 2178 contuli.
574 2127 728 2179 autumno
757 2137 786 2178 a.
813 2113 896 2178 1887
921 2120 1067 2178 Bonnam
1090 2119 1242 2195 migravi.

127 2229 307 2286 doouerunt
318 2245 370 2286 me
382 2244 437 2285 vv.
451 2228 505 2285 dd.
519 2227 652 2285 Beohtel
664 2228 796 2301 Dilthey
813 2227 896 2285 uror<
915 2225 1069 2286 Goedeke
1087 2225 1243 2300 MHeyne

126 2335 282 2393 Kielhorn
305 2335 464 2408 WMeyer
492 2333 695 2393 GEMueller
723 2334 844 2393 Roethe
880 2333 1009 2408 Sauppe
1045 2332 1243 2391 deWilamo-

126 2441 439 2500 witz-Moellendorff
459 2439 703 2516 Gottingenses3
739 2441 868 2499 Bender
891 2441 1070 2499 Buecheler
1092 2439 1244 2498 Foerster

127 2548 289 2607 RKekule
314 2548 499 2606 Loesohoke
525 2548 641 2606 Nissen
661 2548 786 2607 Vsener
808 2548 1005 2606 Bonnenses.
1052 2547 1243 2606 Buecheleri

125 2654 302 2713 Luebberti
317 2655 454 2714 Vseneri
477 2655 611 2730 egregia
631 2671 711 2731 erga
725 2672 777 2713 me
793 2655 1022 2713 benevolentia
1042 2653 1167 2713 factum
1183 2659 1242 2724 est,

125 2768 161 2820 ut
184 2763 217 2818 in
234 2762 443 2820 seminarium
466 2762 594 2837 regium
617 2762 727 2837 philol.
751 2763 852 2820 Bonn.
876 2762 1050 2836 reoiperer,
1075 2760 1168 2819 ouius
1184 2777 1244 2835 per

126 2875 242 2942 quater
270 2847 341 2926 serr
357 2885 485 2927 menses
514 2869 562 2928 fui
592 2869 713 2927 sodalis
741 2860 934 2928 ordinarius.
969 2869 1003 2926 in
1033 2867 1243 2926 seminarium

125 2976 315 3034 historicum
330 2976 447 3034 Nissen
470 2977 697 3034 liberalissime
713 2992 765 3034 me
781 2977 914 3051 recepit.
954 2974 1243 3034 exercitationibus

124 3088 161 3141 ut
190 3083 381 3141 interessem
408 3083 550 3158 benigne
581 3088 812 3142 concesserunt
835 3083 1014 3141 Buecheler
1037 3080 1243 3156 philologieis

126 3196 158 3248 et
192 3189 421 3265 epigraphiois‚
456 3190 584 3248 Keknle
608 3190 794 3248 Loesohoke
829 3188 1094 3265 arohaeologiois‚
1130 3187 1244 3262 Meyer

124 3297 414 3372 palaeographieis,
449 3297 570 3354 Roethe
600 3297 784 3354 theodisois.
832 3297 950 3370 quibus
977 3295 1058 3353 viris
1090 3295 1243 3352 omnibus

125 3405 265 3480 gratiam
288 3404 392 3461 habeo
415 3404 602 3473 maximam,
638 3404 672 3461 in
700 3404 813 3478 primis
836 3402 1026 3462 Bueohelori
1049 3407 1081 3458 et
1104 3400 1244 3460 Vseneri

124 3513 313 3569 memoriam
337 3517 430 3586 grato
454 3527 582 3584 semper
604 3512 711 3569 animo
735 3512 849 3568 oolam.
