2594 5174
507 318 720 399 l-re*
810 274 814 283 ¹

84 486 282 581 ignoramus,
307 522 370 578 quo
387 522 472 564 anno
488 505 730 580 Theophrastus
747 507 866 565 librum
885 507 925 564 do
950 507 1077 565 actione
1102 494 1214 585 scrip-'⁵

85 612 172 693 serit,
208 629 316 671 nonne
346 612 525 687 discipulus
549 613 733 672 Aristotelis
762 630 845 687 quac
869 615 930 672 hac
955 615 995 672 dc
1019 614 1112 672 rein
1136 630 1217 673 ma·-

85 719 180 795 gistri
204 719 322 778 scholis
351 726 480 778 notarat
515 703 647 779 serrare
677 727 813 795 poterat,
850 722 976 779 etiamsi
1006 722 1137 780 interim
1161 710 1218 783 dc¹

85 827 212 884 actione
237 827 394 901 scriptum
418 825 510 885 crat?
545 829 603 885 sed
627 816 699 902 quis
723 845 743 885 a
759 828 879 886 Diolsio
903 829 1004 902 possit
1029 810 1210 889 dissentire·¹

84 933 226 1008 plurima
249 949 370 1003 corum,
406 935 462 1008 qui
486 935 527 992 de
550 935 724 993 Aristotele
754 941 886 994 auctore
916 935 1117 1006 dubitarunt,
1154 932 1223 993 ar·'

85 1047 240 1117 gumenta
263 1041 442 1099 infirmiora
465 1040 558 1100 esse?
605 1043 645 1101 de
675 1042 802 1118 integro
832 1043 935 1119 igitur
962 1043 1109 1115 quaestio
1140 1042 1229 1133 dis-⁵

86 1149 248 1222 ceptanda
275 1148 354 1206 mihi
384 1149 525 1208 videtur.
560 1180 604 1188 -
639 1155 728 1207 recte
752 1150 869 1224 probat
892 1149 1033 1208 Dielsius
1056 1156 1234 1209 veterem·

86 1257 307 1315 coniecturam
330 1262 381 1314 art
382 1257 409 1314 is
369 1257 514 1315 trhet.
540 1258 621 1316 duos
644 1258 745 1316 libros
769 1258 893 1333 priores
916 1258 1061 1316 nondum
1077 1259 1119 1315 ab
1132 1248 1228 1316 Ari·
1231 1274 1237 1283 ·

87 1364 200 1421 stotele
225 1364 413 1422 coniunctos
436 1364 536 1423 fuisse
561 1381 635 1423 cum
658 1365 769 1423 tertio:
794 1370 831 1422 ct
854 1365 990 1439 praebet
1012 1364 1167 1424 Laertii
1157 1364 1238 1423 1i1··
1233 1412 1248 1439 ,

87 1471 215 1528 dext
176 1471 215 1527 tit
216 1471 306 1530 ulum
335 1465 447 1544 τέχνη(
477 1465 721 1546 ῥητορικῆεᾶβ.
767 1472 851 1530 libro
875 1471 923 1530 III
950 1478 1050 1531 utne
1075 1472 1248 1530 deesset
1239 1446 1248 1495 ¹

9 1600 13 1606 ·
73 1577 210 1665 ‚titulus
246 1579 427 1637 coniunctis
445 1579 565 1638 Laertii
589 1575 661 1652 περὶ
686 1575 799 1640 λέξεω(
821 1572 868 1653 ᾶβ
898 1585 930 1639 et
953 1579 1117 1654 Anonymi
1140 1536 1248 1655 Me?

18 1666 21 1673 ’
87 1685 221 1760 nogioni
244 1681 315 1758 περὶ
339 1681 452 1747 λέξεω(
477 1681 662 1760 recepte·
641 1703 661 1744 α
684 1705 806 1749 novum
830 1688 937 1746 offecit
925 1681 1032 1759 (περὶ
1051 1678 1202 1746 λέξεω(
1184 1704 1248 1746 α

86 1793 170 1851 libro
182 1792 230 1851 ΠΙ
246 1794 491 1870 praefigendum
508 1791 552 1869 (p.
567 1790 629 1869 11).
655 1796 710 1869 qui
728 1796 841 1854 titulus
857 1811 955 1869 quam
971 1811 1037 1852 non
1053 1795 1205 1868 quadret,

78 1901 139 1979 ,vei
163 1900 240 1959 inde
263 1901 479 1976 cognoscitur,
504 1903 592 1976 quod
615 1903 702 1961 idem
726 1902 866 1960 Dielsius
890 1918 921 1976 p.
946 1893 989 1958 34
1013 1902 1098 1960 hunc
1122 1890 1206 1973 tra'cf
1233 1962 1248 1969 ,,

86 2006 190 2066 tatuin
214 2008 360 2066 nominat
383 2003 455 2081 περὶ
479 2003 592 2068 λέξεω(
616 2005 678 2067 καὶ
701 2003 859 2079 τάξεω(;
894 2025 970 2066 nam
994 2003 1066 2080 περὶ
1089 2003 1206 2068 λέξεω(

87 2131 152 2174 non
175 2116 284 2190 agitur
308 2115 370 2174 nisi
394 2116 502 2190 priore
525 2117 601 2175 libri
625 2122 727 2192 parte.
775 2132 971 2190 quamquam
995 2111 1068 2187 περὶ
1089 2110 1206 2176 λέξεω(

88 2218 150 2280 καὶ
173 2215 319 2282 τάξεω(
342 2239 443 2281 unum
467 2223 603 2281 inscribi
626 2225 747 2282 librum
771 2224 805 2282 in
828 2208 944 2281 indicc'
960 2221 1080 2281 Laertii
1109 2240 1207 2283 nemo

90 2331 212 2401 credet,
237 2330 345 2388 duos
368 2330 469 2388 libros
493 2326 640 2389 diversos
663 2332 769 2389 notari
793 2336 1032 2406 exspectamus,
1066 2331 1207 2390 alterum

88 2432 160 2509 περὶ
184 2431 306 2507 λέξεως
330 2438 469 2495 alterum
492 2433 563 2511 περὶ
586 2432 713 2498 τάξεωε.
746 2455 852 2512 noque
875 2454 953 2496 vero
977 2439 1106 2496 omnino
1130 2438 1207 2497 lice·

88 2545 145 2603 bat
168 2546 240 2603 illos
264 2544 375 2603 titulos
399 2545 614 2622 coniungere:
639 2545 673 2603 in
696 2545 817 2603 Laertii
840 2545 950 2603 indice
973 2545 1112 2621 legimus
1135 2539 1206 2619 τέχ-

89 2666 145 2723 νη(
170 2646 336 2726 ῥητορική(
360 2631 407 2727 ἇβΙ
424 2660 456 2711 et
483 2649 555 2725 περὶ
579 2648 692 2713 λέξειν(
717 2632 772 2726 ᾶβ,
800 2658 1014 2725 utrumque
1038 2652 1206 2711 duorum

40 2818 46 2829 ,
89 2760 247 2818 librorum
270 2766 460 2834 tractatum3
485 2760 519 2818 in
534 2761 699 2835 Anonymi
722 2761 788 2818 iam
809 2765 857 2818 ost
873 2753 984 2832 τέχνη(
1002 2750 1206 2831 ῥητορικῆεῗ

47 2924 50 2931 .
88 2868 180 2926 nulla
202 2869 279 2926 libri
302 2864 374 2941 περὶ
403 2863 517 2930 λέξεω(
546 2869 709 2927 mentione
739 2867 915 2943 separatim
944 2867 1032 2947 facta
1060 2862 1147 2940 (nam
1178 2867 1207 2925 si

57 2950 63 2961 ¹
90 2975 170 3048 quid
198 2976 329 3034 omnino
358 2977 501 3035 tribuere
530 2977 681 3035 volumus
709 2976 791 3033 miro
820 2975 896 3034 huic
925 2973 1026 3031 indici
1049 3004 1094 3012 -
1116 2974 1206 3047 quod

90 3098 152 3158 ego
175 3084 250 3141 nolo
273 3114 326 3153 -‚
362 3084 460 3142 etiam
485 3084 661 3143 tenendum
690 3089 739 3141 ost
763 3083 892 3140 titulum
916 3076 988 3153 περὶ
1012 3075 1126 3140 λέξεω(
1150 3095 1206 3138 κα-

1 3267 2 3271 Ὶ
89 3186 197 3262 eupit,
232 3191 286 3264 qui
311 3191 345 3249 in
368 3192 430 3250 hoc
452 3196 570 3261 exstat,
606 3208 647 3249 nc
671 3191 771 3265 priori
791 3189 925 3263 quidem
949 3189 1034 3264 parti
1057 3188 1134 3281 libri
1157 3186 1207 3261 Ιῌ

89 3297 297 3371 respondero,
333 3299 391 3356 scd
414 3299 455 3356 iis
478 3298 557 3367 fore,
594 3314 676 3371 quac
705 3298 774 3359 eius
798 3296 904 3370 capite
928 3295 957 3354 V
981 3299 1205 3369 exponuntur3

90 3404 181 3462 locus
210 3404 342 3477 quidem
370 3405 500 3479 utrique
530 3404 623 3463 titulo
653 3404 686 3461 in
715 3403 880 3462 indicibus
910 3402 997 3460 idem
1027 3395 1096 3474 est).
1144 3407 1206 3459 sta·

90 3512 247 3570 tuendum
271 3511 372 3588 igitur
398 3517 461 3570 cst:
497 3512 618 3569 librum
641 3510 688 3569 ΙΠ
717 3511 758 3567 ab
788 3509 880 3567 initio
909 3525 974 3567 non
1003 3508 1104 3566 fuisse
1133 3524 1207 3566 con-

90 3619 237 3677 iunctum
260 3634 335 3676 cum
358 3619 530 3692 prioribus,
566 3618 696 3676 titulum
721 3617 750 3675 ei
774 3633 839 3675 non
862 3616 973 3685 fuisse,
1010 3631 1107 3688 quem
1134 3617 1214 3699 vult¹

90 3724 245 3798 Dielsius3
270 3742 348 3801 ergo
372 3731 428 3784 aut
451 3725 614 3802 generalis
638 3725 667 3783 ei
692 3730 762 3782 erat
785 3724 898 3783 titulus
921 3724 959 3794 is,
988 3738 1085 3797 qucm
1108 3723 1207 3783 habet

90 3831 238 3891 Laertius
263 3826 319 3892 792
353 3827 447 3904 τέχνη
472 3826 521 3890 ἆ*
548 3829 665 3907 (Anon.
689 3832 816 3908 Menag.
842 3825 899 3889 73:
935 3825 1046 3902 τέχνη(
1070 3823 1113 3903 ἃ),
1150 3837 1207 3887 aut

49 3988 54 3999 .
92 3941 168 3999 duo>
180 3948 273 4023 erant
293 3941 424 4016 scripta,
448 3941 586 4000 alterum
602 3934 674 4013 περὶ
691 3934 813 4010 λέξεωε,
837 3940 975 3998 aiterum
991 3932 1063 4009 περὶ
1078 3931 1207 3998 turem.

199 4185 214 4217 '¹‘
232 4185 298 4239 Hoc
316 4201 378 4239 non
398 4184 585 4250 crediderim,
606 4185 678 4253 quia
697 4184 795 4249 τέχνη(
807 4185 958 4250 ῥητορική(
971 4197 1041 4251 pars
1054 4181 1206 4259 primaria,

92 4275 236 4344 inventio,
256 4277 288 4330 in
307 4290 342 4330 eo
362 4290 424 4329 non
444 4278 599 4329 tractatur.
