2654 5226
1066 39 1320 333 a

620 732 778 786 „94-

137 911 383 990 παραδόεται
417 913 437 990 ἡ
472 913 511 976 ἐκ
544 918 608 992 τῆς
643 913 828 992 τοιαύτης
862 915 1004 994 ἡδονῆς
1045 915 1170 994 χάρις,
1205 917 1257 980 καί

120 1018 287 1083 ’πλεῑςτον
311 1020 348 1084 τὸ
371 1023 520 1084 τοιοῦτον
536 1019 621 1087 εἶδός
645 1021 707 1084 έςτι
731 1021 817 1100 παρὰ
841 1025 908 1085 τοῖς
924 1022 1189 1100 Περιπατητικοῖς
1206 1025 1257 1086 καὶ

139 1127 225 1205 παρὰ
248 1126 400 1190 Πλάτωνι
428 1129 479 1191 καὶ
503 1129 589 1207 παρὰ
618 1128 808 1208 Ξενοφῶντι
837 1130 887 1192 καί
916 1128 1087 1213 Ἡροδότῳ,
1116 1129 1197 1208 τάχα
1222 1131 1257 1194 δὲ

116 1234 190 1297 ’καὶ
213 1234 299 1313 παρά
323 1236 518 1313 Δημοςθένει
546 1239 725 1314 πολλαχοῦ·
764 1236 960 1313 Θουκυδίδης
985 1237 1091 1314 μέντοι
1115 1238 1258 1315 πέφευγε

63 1352 69 1367 ”
139 1343 176 1405 τὸ
200 1341 292 1405 εἶδος.
330 1348 507 1422 Dionysius
531 1336 606 1406 lniic
629 1350 743 1425 generi
760 1350 933 1423 scriptores
957 1349 1072 1408 tribuit
1096 1344 1258 1424 pedestris

139 1456 294 1514 orationis
310 1457 497 1526 Isocratem,
514 1457 689 1530 Ephorum,
706 1457 961 1531 Theopompum.
987 1473 1097 1530 quare,
1115 1458 1259 1515 clamant
1288 1526 1296 1539 ·

140 1580 261 1634 omnes,
285 1563 462 1621 Isocratem
497 1580 561 1621 non
592 1563 686 1621 affert
715 1562 920 1622 Demetrius?
955 1564 1087 1621 facilem
1116 1564 1258 1637 explica·

140 1671 262 1729 tionem
292 1671 347 1727 dat
375 1669 561 1744 Dionysius,
593 1671 644 1728 de'
664 1687 691 1728 ο.
715 1687 746 1728 ν.
774 1664 969 1735 19.133,1;
1005 1666 1056 1727 καί
1086 1663 1148 1728 ἔςτι
1176 1648 1270 1730 λέξις

141 1772 286 1850 κρατίςτη
310 1775 420 1834 πατῶν
517 1769 596 1835 ὅταν
612 1772 699 1835 τουτί
722 1772 780 1849 μὲν
797 1770 831 1835 ἐν
855 1772 994 1855 περιόδῳ
1017 1772 1153 1850 λέγηται,
1169 1773 1259 1835 τουτί

141 1875 168 1941 δ’
192 1877 252 1944 ἔξω
276 1878 486 1967 περιόδου...
510 1877 623 1957 ῥυθμοί
646 1875 673 1941 τ’
703 1877 795 1942 ἄλλοι
818 1879 869 1941 καί
894 1879 1042 1956 ςχήματαΙ
1062 1883 1200 1942 παντοῖα
1213 1931 1219 1942 .
1232 1930 1258 1942 ..

141 1984 222 2063 ἔχει
257 1985 298 2048 δέ
327 2006 412 2048 τινα
446 1984 558 2063 χάριν
587 1985 628 2049 έν
657 1989 738 2049 τοῖς
765 1984 965 2049 τοιούτοις
995 1987 1055 2048 καὶ
1087 1987 1130 2050 τὸ
1159 1984 1258 2049 οὕτω

140 2093 391 2171 ςυγκείμενον
430 2088 604 2172 ὥςτεμὴ
640 2096 860 2169 ςυγκεῑςθαι
900 2097 1032 2156 δοκεῖν
1068 2093 1123 2172 (cf.
1160 2101 1259 2157 etiam

140 2205 282 2265 Demetr.
309 2199 453 2279 180)
481 2199 681 2278 παράδειγμα
705 2197 733 2263 δ’
762 2199 859 2278 αὐτῆς
888 2203 1040 2278 ποιοῦμαι
1068 2203 1171 2264 πάςαν
1201 2203 1259 2279 μὲν

140 2308 199 2384 τὴν
222 2305 397 2384 Ἡροδότου
422 2307 514 2383 λέξιν,
537 2311 642 2372 πάςαν
665 2308 700 2371 δὲ
723 2309 781 2385 τὴν
805 2307 992 2384 Πλάτωνος,
1015 2311 1119 2372 πᾶςαν
1143 2309 1178 2371 δὲ
1200 2310 1259 2386 τὴν

55 2420 59 2431 “
140 2415 366 2492 Δημοςθένους
444 2411 514 2478 ἀλλ’
532 2414 592 2493 οὐχ
615 2415 635 2493 ἥ
655 2418 711 2509 γε·1
735 2413 928 2494 Ἰςοκράτους
952 2415 1003 2478 καὶ
1026 2419 1091 2479 τῶν
1115 2415 1259 2479 έκείνουῖ

90 2552 94 2557 ·
140 2521 309 2599 γνωρίμων
333 2521 448 2599 αἵρεςις
476 2521 570 2600 ὁμοία
597 2521 725 2586 ταύταις
749 2522 801 2600 ἦν·
834 2521 916 2586 ἀλλὰ
944 2523 1054 2600 καίπερ
1081 2523 1183 2600 ἡδέως
1207 2525 1260 2587 καί

33 2614 39 2625 ’
96 2618 104 2637 ’
141 2616 393 2707 μεγαλοπρεπῶς
428 2629 534 2693 πολλὰ
557 2630 722 2693 ςυνθέντες
753 2629 783 2693 oi
812 2628 926 2708 ἄνδρες
962 2627 1060 2704 οὗτοι,
1095 2631 1167 2708 περί
1202 2629 1259 2693 τὰς

64 2746 69 2757 “
121 2735 320 2814 ’μεταβολάς
348 2737 399 2799 καὶ
422 2737 480 2814 τὴν
504 2737 662 2801 ποικιλίαν
686 2736 725 2800 οὐ
749 2735 833 2800 πάνυ
858 2736 1054 2814 εὐτυχοῦςιν·
1101 2733 1170 2799 ἀλλ’
1196 2735 1259 2800 έςτι

143 2840 217 2921 παρ’
248 2843 357 2906 αὐτοῖς
385 2841 429 2906 εἷς
458 2843 609 2921 περιόδου
639 2842 762 2919 κύκλος,
792 2843 940 2922 ὁμοειδὴς
969 2841 1136 2922 ςχημάτων
1164 2842 1259 2919 τάξις,

142 2952 304 3028 ςυμπλοκὴ
328 2950 526 3029 φωνηέντων
548 2951 568 3028 ἡ
593 2949 673 3028 αὐτή
696 2954 760 3014 κτλ.

248 3063 432 3122 Demetrius
460 3064 562 3140 igitur
593 3065 681 3138 apud
714 3070 879 3122 auctorem
912 3080 1012 3122 suum.
1038 3065 1259 3138 vituperatam

142 3170 228 3228 'vidit
250 3170 403 3229 Isocratis
427 3171 703 3245 compositionem,
728 3171 894 3230 laudatam
912 3171 1079 3240 Herodoti,
1104 3171 1257 3242 Platonis,

91 3312 96 3319 ·
141 3278 288 3336 aliorum.
335 3279 400 3336 iam
423 3294 502 3336 voro
526 3294 601 3336 cum
624 3278 694 3352 ipse
717 3274 748 3352 (ξ
761 3271 815 3351 36)
840 3279 880 3335 dc
903 3270 1107 3352 simplicibus
1131 3285 1258 3336 tantum

141 3385 316 3460 generibus
339 3385 429 3459 loqui
459 3385 521 3442 sibi
550 3385 780 3459 proposuisset,
817 3385 944 3443 omissa.
960 3385 1114 3443 Isocratis
1137 3385 1259 3444 Isocra-

38 3564 44 3575 ,
141 3500 331 3565 teorumquc
354 3492 472 3550 vitiosa
496 3492 728 3566 compositione
752 3508 807 3550 eos
830 3492 928 3561 viros,
954 3508 1034 3564 quos
1058 3498 1172 3550 auctor
1188 3493 1258 3551 cius

18 3636 22 3651 .
140 3599 264 3656 mixtae
281 3586 505 3674 compositioni
522 3599 646 3668 tribuit,
672 3599 853 3674 assignavit
865 3598 902 3675 τῇ
915 3595 1066 3674 γλαφυρᾷ
1079 3591 1257 3674 άρμονίᾳ*;

56 3684 59 3689 ’
140 3723 245 3779 neque
270 3706 355 3764 enim
383 3706 536 3765 obstabat
559 3705 767 3764 Demetriana
793 3706 881 3764 illius
912 3705 1152 3779 compositionis
1183 3706 1258 3763 defi-

141 3814 222 3871 nan
246 3807 333 3887 (rao.
361 3806 445 3886 181).
1314 3792 1320 3803 ’

249 3913 454 3992 Χαρακτὴρ
478 3913 651 3991 κακόζηλος
665 3913 866 3993 (186-189)
878 3919 1072 3977 constitutus
1089 3926 1176 3978 certo
1193 3937 1257 3978 non

142 4034 191 4085 est
203 4045 222 4084 a
235 4027 468 4102 Theophrasto
487 4027 616 4103 singula
628 4032 737 4086 autem
749 4027 903 4085 videntur
916 4025 1159 4100 Theophrastea
1176 4044 1256 4085 esso.

250 4323 332 4392 1οιίγ
351 4327 368 4390 ἤ
388 4339 420 4389 γε
439 4323 475 4393 Ρ;
495 4323 557 4390 οὐχί
576 4324 593 4389 ἡ
612 4321 650 4392 F3
670 4325 757 4388 οὺχὴ
779 4324 847 4392 epit.
948 4319 1076 4391 2ἐκείνω
1090 4323 1128 4392 P,
1148 4322 1256 4376 ἐκείνου

142 4414 173 4483 F,
195 4416 263 4484 epit.
314 4423 321 4441 ¹
641 4416 645 4421 '
1257 4432 1263 4443 ·

248 4504 414 4574 *Egregie
439 4503 495 4556 sibi
521 4507 638 4556 constat
656 4502 841 4557 Demetrius:
872 4507 887 4566 ἓ
910 4503 945 4556 37
964 4502 1131 4570 Platonem,
1158 4503 1256 4557 Xeno·

142 4596 291 4664 phontem‚
320 4594 507 4648 Herodotum
526 4594 620 4647 mixto
649 4593 823 4647 charactere
841 4594 885 4646 uti
909 4593 988 4659 dicit,
1018 4593 1055 4647 de
1073 4594 1174 4647 mixtis
1193 4609 1255 4647 non

142 4694 186 4740 est
205 4685 370 4752 locuturus,
389 4687 520 4752 γλαφυρᾷ
539 4682 657 4752 ἁρμονίᾳ
676 4684 758 4753 ipsos
776 4683 842 4738 illos
863 4684 1006 4752 assignat.
