2594 5174
571 302 728 362 ,18-

43 500 47 507 “
92 489 317 570 paragraphus
340 486 429 567 (190)
454 494 530 552 data
554 501 603 552 est
626 495 671 573 τῷ
696 489 731 553 ἐν
754 487 932 567 πράγμαειν
954 484 1057 573 ἰεχνῷ.
1085 526 1123 534 -
1149 489 1208 553 het·
1235 476 1242 533 ἶ

91 596 147 659 νὸε
171 595 363 671 iro—3013
388 595 425 658 τὸ
450 594 485 658 ἐν
508 594 666 674 πρόιγμαα
690 597 797 660 δεινὸν
821 602 1026 677 paragrapho
1039 595 1107 658 240
1129 610 1234 659 trae·

91 715 189 766 tatur.
228 708 262 766 in
287 708 336 765 his
360 708 461 784 igitur
476 710 581 767 tribus
605 710 848 768 characteribus
868 725 934 767 nen
949 700 1102 778 habebat,
1127 725 1207 782 quae

91 816 250 874 scriberet
274 816 314 873 dc
338 816 446 886 rebus,
471 816 505 873 in
528 813 685 895 γλαφυρῷ
702 817 789 875 felici
807 833 885 875 casu
901 817 1097 891 suppetebat
1116 817 1207 886 liber,

91 939 187 996 quem
200 923 402 981 exscriberet
413 954 458 962 -
469 923 549 997 quid
561 923 698 983 similius
711 930 759 982 est
770 924 851 993 veri,
868 940 967 996 quam
979 938 1062 997 quae
1076 923 1209 997 praebet

92 1030 134 1086 ad
172 1024 256 1089 λέξιν
291 1036 323 1087 11
352 1030 395 1087 ad
418 1023 559 1088 (ύνθεειν
583 1031 792 1089 illustrandas
816 1031 925 1089 omnia
947 1035 1079 1105 praeter
1102 1030 1208 1105 inepte

90 1137 278 1212 excogitata
302 1142 334 1193 et
357 1143 487 1211 praeter
510 1139 661 1212 exempla
685 1155 789 1212 pauca
812 1155 886 1197 cum
911 1138 1031 1196 debere
1047 1138 1208 1212 ipsaque

91 1259 154 1316 que
179 1243 329 1317 scriptori
353 1244 484 1302 cuidam
508 1245 548 1302 de
573 1245 623 1302 his
647 1245 725 1302 satis
749 1246 888 1320 copiose,
914 1246 973 1303 sed
997 1246 1038 1303 dc
1055 1245 1107 1302 his
1124 1245 1207 1315 solis,

90 1366 155 1407 non
179 1349 363 1408 derebus?
404 1367 480 1408 nam
503 1351 572 1424 ipse
597 1351 624 1408 si
648 1353 980 1426 quantulumcumque
1009 1351 1088 1409 boni
1118 1367 1209 1409 exco-

90 1457 235 1531 gitasset,
272 1456 418 1531 profecto
454 1457 551 1514 ctiam
586 1464 622 1516 ut
657 1459 698 1515 dc
733 1459 831 1517 rebus
854 1460 948 1533 plura
971 1459 1145 1533 praeberet
1168 1459 1208 1515 ab

90 1563 221 1639 ingenio
246 1580 302 1622 suo
326 1564 541 1637 impetrasset.

198 1669 356 1744 Quartum
378 1670 535 1728 Demetrii
561 1672 749 1731 charactera
774 1673 958 1733 accuratius
982 1673 1208 1747 inspiciamus:

91 1777 171 1850 quid
200 1793 320 1850 quaeso
350 1785 399 1836 est
427 1778 497 1836 eius
521 1773 686 1850 δεινότηεὶ)
720 1781 870 1838 ultimum
894 1781 924 1838 ci
947 1781 1056 1839 locum
1079 1780 1208 1839 tribuit:

92 1885 140 1942 sic
164 1884 339 1959 Dionysius
362 1885 621 1955 Demosthenem,
646 1881 703 1944 τὸν
726 1885 784 1944 τοῦ
809 1882 913 1958 λέγειν
937 1881 1132 1957 δεινότατον,
1156 1886 1210 1961 qui

91 2007 134 2048 ex
169 1992 320 2050 omnibus
356 1992 486 2050 dicendi
510 1994 685 2068 generibus
709 1996 831 2069 optima
854 1995 963 2071 elegit,
999 2000 1117 2069 quarto
1140 1995 1210 2052 loco

91 2098 259 2168 describit,
288 2105 361 2173 post
384 2093 521 2170 ὑψηλόν,
545 2093 660 2172 ἰεχνόν,
684 2096 791 2172 μέεον;
830 2101 942 2161 011111
965 2098 1024 2176 (11.
1049 2096 1105 2176 99)
1128 2107 1210 2176 post·

91 2219 190 2278 quam
214 2207 317 2263 rerba
339 2204 418 2264 fecit
442 2207 482 2264 de
507 2208 688 2278 summisso,
725 2210 765 2266 de
789 2215 978 2284 temperate,
1004 2208 1147 2282 denique
1169 2209 1210 2266 de

90 2313 219 2385 copioso
243 2313 402 2388 gravique
426 2320 563 2384 oratore,
588 2320 703 2389 quarto
726 2316 797 2373 loco
818 2322 937 2374 tractat
960 2317 1211 2389 eloquentem

89 2410 164 2492 “qui
199 2424 231 2477 et
265 2419 400 2478 humilia
435 2421 598 2478 subtiliter
633 2427 666 2479 ct
700 2422 767 2479 alta
801 2424 948 2499 graviter
975 2428 1008 2481 11
1031 2423 1212 2480 mediocria

89 2531 268 2601 temperate
302 2532 408 2600 potest
444 2519 588 2600 dicere'';
624 2528 848 2606 Hermogenes
871 2536 944 2605 post
967 2536 1095 2588 ceteras
1119 2531 1219 2588 ideas·

89 2635 224 2708 exponit
247 2628 422 2705 δεινότητα,
446 2634 477 2692 ΙΙ
501 2628 565 2691 338
590 2634 649 2709 Sp:
673 2629 693 2707 ἡ
718 2631 862 2708 δεινότη(
885 2631 905 2708 ἡ
929 2632 1002 2708 περὶ
1024 2631 1083 2694 τὸν
1111 2630 1211 2707 λόγον

89 2733 153 2797 ἔετι
187 2735 244 2813 μὲν
279 2735 346 2798 κατ’
377 2735 455 2812 ἐμὴν
483 2735 613 2815 γνώμην
631 2787 637 2799 .
654 2786 660 2800 .
677 2787 683 2799 .
700 2741 805 2815 χρῆει(
829 2737 908 2816 ὀρθὴ
931 2736 1065 2801 πάντων
1087 2740 1155 2800 τῶν
1177 2756 1212 2801 τε

88 2842 329 2920 προειρημένων
350 2841 444 2906 εἰδῶν
467 2845 526 2906 τοῦ
551 2843 650 2918 λόγου
674 2845 726 2907 καὶ
749 2847 815 2909 τῶν
838 2844 995 2909 ἐναντίων
1019 2844 1130 2907 αὐτοῖς
1147 2847 1214 2908 κτλ.

88 2954 163 3011 talis
186 2954 343 3013 Demetrii
378 2970 505 3028 quoquc
530 2950 674 3028 herverus
697 2958 802 3032 primo
827 2959 943 3016 obtutu
966 2957 1098 3016 videtur
1123 2973 1211 3015 esse:

1 3050 4 3057 '
88 3060 323 3120 Demosthenes
357 3062 392 3119 in
426 3063 488 3119 hoc
523 3064 711 3122 charactere
746 3067 819 3139 plus
843 3065 953 3123 decies
976 3065 1142 3136 laudatur,
1177 3065 1212 3122 in

89 3169 206 3226 ceteris
240 3170 274 3227 ni
309 3169 406 3226 fallor
440 3170 566 3228 duobus
590 3177 716 3229 tantum
739 3172 819 3230 locis
842 3179 875 3230 et
897 3188 963 3231 uno
987 3172 1121 3246 quidem
1144 3165 1212 3246 (80)

88 3275 156 3344 tali,
192 3276 336 3348 quinon
360 3276 532 3334 cohaereat
556 3293 630 3336 cum
654 3279 852 3349 charactere,
878 3280 919 3337 de
942 3295 1006 3355 quo
1030 3279 1077 3337 ibi
1100 3279 1212 3356 agitur

87 3376 141 3455 (de
165 3383 372 3456 metaphoris
398 3376 555 3457 78-90);
580 3390 751 3458 praeterea
773 3387 875 3444 multa
898 3392 1100 3461 repetuntur,
1126 3402 1212 3460 quae

90 3488 178 3546 dicta
201 3495 293 3548 erant
318 3490 358 3547 de
382 3490 545 3564 prioribus
562 3492 805 3551 characteribus
821 3490 875 3567 (cf.
893 3485 1074 3567 24011751
1099 3486 1213 3550 241-

88 3588 153 3652 242
178 3602 209 3654 11
235 3591 312 3669 1021
342 3591 406 3655 243
431 3592 552 3655 11222
576 3592 689 3672 11991
725 3593 1211 3674 253-25411264112221

89 3695 151 3759 257
177 3709 209 3760 11
235 3698 313 3778 1211
339 3697 404 3762 259
429 3710 461 3762 11
486 3699 564 3778 1101
589 3700 654 3763 262
679 3712 711 3764 11
737 3702 799 3766 128
824 3713 857 3767 11
882 3699 1211 3781 13011152,111.)1

89 3809 221 3884 egregie
245 3811 344 3867 etiam
368 3812 530 3883 quadrant
553 3813 657 3870 verba
679 3810 845 3885 πειρᾶεθαι
869 3807 958 3871 δὲτὰ
975 3806 1119 3886 ὀνόματα
1136 3829 1211 3888 πρε-

88 3910 216 3973 πόντωε
241 3911 344 3987 λέγειν
367 3915 435 3977 τοῖε
459 3911 636 3991 πράγματιν
652 3915 750 3997 (216),
776 3921 897 3995 quippe
921 3921 1007 3994 quod
1030 3937 1097 3979 non
1112 3923 1212 3981 unius

89 4023 286 4082 characteris
309 4025 359 4094 sit,
385 4025 443 4082 sed
465 4027 618 4096 omnium,
643 4027 803 4101 imprimis
827 4036 937 4087 autem
959 4028 1098 4103 perfecti
1122 4030 1212 4088 illins

88 4125 142 4200 (cf.
167 4131 264 4188 etiam
288 4130 443 4208 Hennog.
468 4127 580 4191 1139ss
597 4129 653 4208 Sp)
676 4164 720 4173 ——
743 4135 809 4193 iam
835 4135 1000 4212 deficiunt,
1025 4152 1109 4209 quae
1138 4153 1212 4194 con·

88 4244 222 4312 gruant:
248 4238 340 4295 addit
363 4238 546 4298 Demetrius
571 4233 641 4298 οἷον
666 4235 718 4299 ἐπὶ
742 4237 800 4314 μὲν
819 4237 947 4320 τοῦβίᾳ
962 4237 1012 4300 καὶ
1028 4239 1210 4323 πανουργίᾳ
