2594 5174
1201 40 1233 99 (κ

561 211 764 316 -14-'
1204 39 1261 331 1

1255 334 1261 437 l

197 445 324 523 Optime
348 449 449 524 igitur
472 465 555 523 quae
584 450 618 508 in
641 449 806 509 Ciceronis
829 448 964 509 Oratore
987 449 1143 526 leguntur
1165 479 1208 490 -

90 555 266 614 admodum
301 573 406 631 pauca
435 558 462 614 si
484 563 585 615 totam
609 558 813 632 provinciam
836 565 1020 632 spectamus
1043 588 1088 598 —
1110 559 1206 617 modo

89 662 163 720 finis
197 664 231 721 in
259 679 296 721 eo
321 664 493 722 scribendo
518 665 674 739 propositi
698 681 739 722 66
762 663 1006 735 obliviscamur,
1039 665 1138 723 modo
1162 681 1206 724 re·
1251 740 1254 745 Ι

89 770 261 828 eordemur
294 771 453 845 imprimis
487 773 590 830 multa
621 772 755 829 tractari
791 772 825 830 in
854 787 892 829 eo
926 772 1021 843 libro,
1056 788 1142 846 quae
1166 771 1206 830 ad

89 872 232 936 λεκτικὸν
254 870 358 936 τόπον
380 894 446 936 666
470 885 627 953 spectent,
652 879 815 952 quadrant
837 879 872 936 in
896 894 944 948 ea,
969 895 1053 953 quae
1077 896 1121 936 ex
1135 878 1206 937 Dio·

88 984 176 1059 nysii
188 985 317 1059 seriptis
330 984 572 1060 Theophrasteo
584 986 675 1060 operi
687 986 884 1053 videbantur
900 986 1102 1045 vindicanda
1124 1002 1205 1045 esse.

194 1091 303 1151 Vnum
337 1098 499 1167 superest:
546 1093 696 1167 ipsumne
730 1092 946 1167 Theophrasti
979 1093 1102 1151 librum
1135 1087 1206 1166 περὶ
1252 1078 1261 1125 .‘.

26 1236 32 1253 -,
88 1191 203 1258 λέξεω(
226 1199 376 1257 adhibuit
399 1197 532 1258 Cicero?
556 1199 675 1273 ecquid
698 1200 740 1257 de
757 1199 940 1257 Aristotelis
958 1205 1028 1258 arte
1044 1201 1206 1260 rhetorica

89 1304 271 1381 sumpsiti*
294 1306 479 1364 Aristotelis
502 1305 782 1381 Theophrastique
806 1307 964 1365 librorum
987 1311 1119 1381 praeter
1142 1309 1207 1366 dia·

88 1413 179 1489 logos
203 1429 245 1471 ne
267 1429 369 1472 unum
392 1413 524 1486 quidem
540 1430 561 1470 a
572 1412 728 1472 Cicerone
742 1413 796 1471 vel
812 1414 995 1488 inspectum
1011 1430 1082 1472 esse
1098 1430 1207 1474 neces·

89 1520 174 1579 sario
199 1521 345 1594 sequitur
368 1537 411 1578 ex
433 1521 484 1590 iis,
519 1537 604 1594 quae
628 1521 669 1579 (16
692 1520 822 1579 illorum
845 1536 994 1579 sermone
1018 1522 1108 1580 dicit.
1144 1523 1208 1580 loci

90 1627 130 1684 de
154 1627 337 1686 Aristotelis
361 1643 509 1686 sermone
533 1633 664 1702 praeter
686 1643 786 1686 unum
810 1643 921 1685 omnes
945 1628 1104 1687 eiusmodi
1120 1635 1207 1700 sunt,

88 1740 125 1794 ut
147 1734 333 1793 referantur
361 1735 404 1792 ad
428 1735 585 1810 dialogos,
620 1750 758 1807 quorum
782 1735 977 1793 suavitatem
1001 1741 1208 1795 stornatum

88 1841 267 1925 identidem
291 1842 379 1916 apud
401 1847 530 1899 veteres
554 1841 728 1916 scriptores
751 1842 885 1899 laudata
907 1842 1102 1902 invenimus.
1140 1859 1208 1902 non

89 1950 227 2008 multum
250 1948 436 2023 proficimus
448 1965 491 2006 ex
507 1948 596 2017 loeis,
621 1964 758 2022 quorum
774 1954 823 2006 est
839 1947 904 2008 Cic.
921 1949 1014 2006 acad.
1031 1965 1080 2024 pr.
1093 1949 1125 2007 ΙΙ
1143 1943 1207 2008 119

90 2048 228 2114 “flumen
252 2055 406 2114 orationis
430 2070 565 2113 aureum
588 2055 730 2113 fundens
747 2047 966 2125 Aristoteles''‚
991 2055 1125 2114 afferam
1148 2057 1207 2132 igi·

89 2170 142 2222 tur
165 2164 262 2233 locos,
287 2162 405 2236 quibus
429 2162 498 2220 eius
523 2162 563 2220 de
576 2161 758 2220 Aristotelis
782 2178 930 2220 sermone
952 2163 1110 2221 iudicium
1134 2180 1208 2223 con·

89 2271 236 2329 iunctum
251 2271 391 2346 legimus
407 2286 481 2328 cum
493 2270 592 2328 rebus
608 2286 628 2326 a
644 2269 847 2345 dialogorum
864 2276 1055 2345 argumento
1079 2271 1206 2329 alienis·

89 2383 266 2452 occupatus
302 2382 351 2434 est
385 2375 497 2435 Cicero
532 2376 566 2433 in
601 2376 845 2434 conscribendis
880 2377 921 2435 de
946 2383 1072 2436 oratore
1095 2378 1205 2437 libris:

89 2501 168 2543 num
190 2484 304 2558 potuit,
329 2484 356 2542 si
380 2484 528 2558 apposita
550 2483 666 2541 fuisset
690 2483 844 2542 scribenti
860 2484 1044 2542 Aristotelis
1067 2500 1120 2542 ars
1137 2486 1206 2544 rhe-

87 2592 199 2661 torica,
235 2592 277 2649 de
312 2606 460 2649 sermone
494 2590 529 2648 in
563 2590 753 2649 universum
776 2591 922 2649 iudicare
946 2592 1007 2650 hoe
1030 2593 1126 2650 modo
1151 2588 1205 2666 (de

87 2698 162 2756 or.I
184 2691 256 2774 49)(
285 2689 331 2755 “61
354 2698 432 2755 item
445 2697 645 2767 Aristoteles,
671 2698 697 2755 si
710 2697 962 2772 Theophrastus,
980 2699 1007 2756 si
1020 2697 1206 2758 Carneades

87 2806 121 2863 in
154 2805 253 2864 rebus
287 2805 337 2874 iis,
375 2805 416 2862 de
452 2805 570 2877 quibus
599 2805 860 2878 disputaverunt,
896 2806 1085 2879 eloquentes
1109 2807 1206 2865 6116

88 2912 255 2970 dicendo
291 2928 432 2971 suaves
465 2917 580 2984 atque
615 2912 745 2970 ornati
780 2904 964 2971 fuerunt²’
999 2911 1068 2986 sq?
1093 2920 1206 2988 aperte

86 3019 168 3077 haec
191 3019 303 3078 Cicero
339 3020 379 3078 de
404 3019 543 3094 dialogis
572 3024 698 3078 tantum
722 3020 811 3077 dicta
833 3021 917 3093 vult3
954 3026 1056 3078 artem
1080 3021 1206 3079 rheam

87 3127 270 3185 Aristotelis
305 3127 332 3185 si
366 3127 420 3185 vel
448 3127 568 3184 cursim
592 3126 797 3200 inspexisset,
834 3133 922 3185 certe
946 3129 1099 3203 generale
1122 3129 1206 3188 illud

87 3234 244 3292 iudicium
267 3234 328 3291 hoc
352 3234 422 3292 loco
445 3250 510 3292 non
534 3234 671 3292 tulisset.
695 3264 739 3272 -
762 3235 803 3292 de
826 3235 880 3291 fin.
903 3234 933 3293 V
958 3230 1009 3305 11,
1033 3241 1206 3309 postquam

87 3341 283 3399 Antiochum
307 3346 436 3399 secutus
453 3345 619 3399 auctorem
634 3341 934 3415 Peripateticorum,
958 3342 1143 3400 Aristotelis
1160 3360 1205 3402 sc.

87 3454 120 3506 et
143 3447 368 3522 Theophrasti,
394 3449 502 3507 studia
525 3450 710 3509 summatim
730 3450 924 3524 percensuit,
951 3450 1058 3507 addit:
1087 3441 1206 3524 “atque

193 3673 360 3742 *Jantsch
388 3672 556 3730 Aristotelis
585 3690 623 3729 ex
652 3680 717 3729 arte
747 3675 820 3729 rhet.
852 3675 925 3745 quid
953 3675 1065 3730 habeat
1084 3673 1206 3746 Cicer03

88 3759 185 3816 Berol.
203 3762 280 3817 1866.

175 3852 206 3884 ⁵¹⁶*
224 3851 382 3908 Madvieus
401 3852 471 3917 (Cic.
496 3853 533 3908 de
556 3854 614 3921 fin,
643 3868 760 3907 excurs.
783 3851 986 3923 v11p.840³)
1010 3853 1135 3908 nimium
1161 3853 1206 3910 Ci-

90 3942 193 3995 cerani
221 3943 333 4011 tribuit,
364 3943 446 4012 quod
476 3943 568 3997 nihilo
598 3944 691 3997 setius
719 3943 868 3996 rhetorica
896 3941 1064 3997 Aristotelis
1092 3946 1206 4015 scripta

89 4030 242 4100 <necnon
261 4031 393 4100 Topica>
413 4033 510 4101 ipsum
529 4032 639 4102 legisse
658 4037 757 4101 putat,
783 4047 832 4085 ars
851 4032 1010 4099 rhetorica,
1028 4033 1052 4085 si
1072 4033 1145 4101 quid
1164 4035 1206 4087 vi-

23 4158 27 4163 ·
88 4120 154 4188 deo,
182 4122 260 4174 inter
279 4119 475 4175 Aristoteleos
494 4121 586 4175 libros
605 4121 693 4175 nobis
712 4126 850 4175 servatos
870 4128 951 4175 certe
969 4137 1030 4175 666
1054 4127 1098 4175 661
1121 4123 1206 4176 intel-

88 4209 168 4264 lectu
181 4210 348 4278 facillimus,
366 4215 400 4265 ut
414 4215 532 4264 taccam
546 4210 584 4264 de
602 4212 761 4265 suavitate.
800 4209 838 4263 de
857 4210 979 4279 Topicis
997 4212 1077 4265 infra
1097 4211 1205 4267 dicam.
